[
{"product_name": "Coles Full Cream Milk | 3L", "price": "$4.80", "unit_price": "$1.60 per 1L"},
{"product_name": "Coles Australian Skim Long Life Milk | 1L", "price": "$1.70", "unit_price": "$1.70 per 1L"},
{"product_name": "Coles Dairy Tzatziki Dip | 200g", "price": "$2.40", "unit_price": "$1.20 per 100g"},
{"product_name": "Yoplait Petit Miam Squeezie Strawberry Yoghurt Pouch | 70g", "price": "$0.95", "unit_price": "$1.36 per 100g"},
{"product_name": "Coles Full Cream Milk Powder | 1kg", "price": "$10.00", "unit_price": "$1.00 per 100g"},
{"product_name": "Bulla Thickened Cream | 300mL", "price": "$3.50", "unit_price": "$1.17 per 100mL"},
{"product_name": "Jalna Greek Style Natural Yoghurt | 1kg", "price": "$8.30", "unit_price": "$0.83 per 100g"},
{"product_name": "Sanitarium So Good Long Life Regular Soy Milk | 1L", "price": "$2.20", "unit_price": "$2.20 per 1L"},
{"product_name": "Pura Light Start Milk | 2L", "price": "$4.70", "unit_price": "$2.35 per 1L"},
{"product_name": "Western Star Original Spreadable Butter Blend | 375g", "price": "$6.00", "unit_price": "$1.60 per 100g"},
{"product_name": "Coles Australian Lite Long Life Milk | 1L", "price": "$1.70", "unit_price": "$1.70 per 1L"},
{"product_name": "Coles Skim Milk Bottle | 1L", "price": "$1.70", "unit_price": "$1.70 per 1L"},
{"product_name": "Coles Mozzarella Shredded Cheese | 700g", "price": "$10.00", "unit_price": "$14.29 per 1kg"},
{"product_name": "Coles Tasty Cheese Slices 24 Pack | 500g", "price": "$9.30", "unit_price": "$18.60 per 1kg"},
{"product_name": "Pura Milk Full Cream | 3L", "price": "$6.20", "unit_price": "$2.07 per 1L"},
{"product_name": "Devondale Full Cream Long Life Milk | 1L", "price": "$2.20", "unit_price": "$2.20 per 1L"},
{"product_name": "A2 Full Cream Milk | 1L", "price": "$3.90", "unit_price": "$3.90 per 1L"},
{"product_name": "Coles Sour Cream | 300g", "price": "$3.25", "unit_price": "$1.08 per 100g"},
{"product_name": "Coles Dairy Cheese Slices Processed | 500g", "price": "$4.75", "unit_price": "$9.50 per 1kg"},
{"product_name": "Pauls Farmhouse Gold Full Cream Milk | 1.5L", "price": "$4.40", "unit_price": "$2.93 per 1L"},
{"product_name": "Coles Jumbo Free Range Eggs 12 Pack | 800g", "price": "$6.20", "unit_price": "$0.78 per 100g"},
{"product_name": "Coles Cage Free Eggs 18 Pack | 900g", "price": "$7.30", "unit_price": "$0.91 per 100g"},
{"product_name": "Sunny Queen Free Range Extra Large Eggs 12 pack | 700g", "price": "$7.20", "unit_price": "$1.03 per 100g"},
{"product_name": "Great Ocean Road Fresh Full Cream Milk | 2L", "price": "$4.70", "unit_price": "$2.35 per 1L"},
{"product_name": "Coles Free Range Eggs 6 Pack | 300g", "price": "$3.80", "unit_price": "$1.27 per 100g"},
{"product_name": "Devondale Full Cream Milk | 3L", "price": "$5.95", "unit_price": "$1.98 per 1L"},
{"product_name": "A2 Light Milk | 2L", "price": "$6.90", "unit_price": "$3.45 per 1L"},
{"product_name": "A2 Full Cream Milk | 3L", "price": "$9.90", "unit_price": "$3.30 per 1L"},
{"product_name": "Sunny Queen Free Range Large Eggs 18 pack | 900g", "price": "$9.90", "unit_price": "$1.10 per 100g"},
{"product_name": "Coles Greek Style Natural Yoghurt | 1kg", "price": "$4.40", "unit_price": "$0.44 per 100g"},
{"product_name": "Pura Full Cream Milk | 2L", "price": "$4.30", "unit_price": "$2.15 per 1L"},
{"product_name": "Yakult Gluten Free Fermented Milk Drink 10 pack | 65mL", "price": "$7.70", "unit_price": "$11.85 per 1L"},
{"product_name": "Coles Garlic Bread Twin Pack | 450g", "price": "$2.30", "unit_price": "$0.51 per 100g"},
{"product_name": "A2 Lactose Free Full Cream Milk | 2L", "price": "$7.30", "unit_price": "$3.65 per 1L"},
{"product_name": "Coles Dairy Shredded Tasty Cheese | 250g", "price": "$5.50", "unit_price": "$22.00 per 1kg"},
{"product_name": "Pauls Zymil Lactose Free Full Cream Milk | 1L", "price": "$3.90", "unit_price": "$3.90 per 1L"},
{"product_name": "Gerry Pittes Souvlaki Pizza Pita Bread | 450g", "price": "$3.80", "unit_price": "$0.84 per 100g"},
{"product_name": "Coles Lactose Free Full Cream Milk | 1L", "price": "$3.10", "unit_price": "$3.10 per 1L"},
{"product_name": "Bulla Creamy Australian Style Yoghurt Mango | 160g", "price": "$1.20", "unit_price": "$0.75 per 100g"},
{"product_name": "Coles Full Cream Milk | 600mL", "price": "$1.35", "unit_price": "$2.25 per 1L"},
{"product_name": "Salted Butter | 500g", "price": "$6.40", "unit_price": "$1.28 per 100g"},
{"product_name": "Coles Dairy Cheese Fetta Danish Style | 200g", "price": "$3.50", "unit_price": "$17.50 per 1kg"},
{"product_name": "Coles Dairy Hommus Dip | 200g", "price": "$2.40", "unit_price": "$1.20 per 100g"},
{"product_name": "Coles Cheddar Cheese Block | 1kg", "price": "$10.50", "unit_price": "$10.50 per 1kg"},
{"product_name": "Bonsoy Soy Milk | 1L", "price": "$4.90", "unit_price": "$4.90 per 1L"},
{"product_name": "Great Ocean Road Fresh Low Fat Milk | 2L", "price": "$4.70", "unit_price": "$2.35 per 1L"},
{"product_name": "Mainland Butter Soft Salted Spreadable Butter | 375g", "price": "$8.00", "unit_price": "$2.13 per 100g"},
{"product_name": "Coles Dairy Cheese Fetta Aust Style | 200g", "price": "$3.50", "unit_price": "$17.50 per 1kg"},
{"product_name": "Coles English Sliced Ham | 100g", "price": "$2.30", "unit_price": "$23.00 per 1kg"},
{"product_name": "Pauls Physical Reduced Fat Hi Calcium Milk | 2L", "price": "$4.90", "unit_price": "$2.45 per 1L"},
{"product_name": "Coles Cream Cheese Spread Original | 250g", "price": "$3.10", "unit_price": "$12.40 per 1kg"},
{"product_name": "Pauls Zymil Full Cream Long Life Milk | 1L", "price": "$3.00", "unit_price": "$3.00 per 1L"},
{"product_name": "Yoplait Zero French Vanilla Yoghurt | 1kg", "price": "$4.90", "unit_price": "$0.49 per 100g"},
{"product_name": "Dairylea Original Cheese Slices 12 pack | 216g", "price": "$4.00", "unit_price": "$18.52 per 1kg"},
{"product_name": "Perfect Italiano Dairy Cheese Grated Mozzarella:Mozzarella | 450g", "price": "$9.50", "unit_price": "$21.11 per 1kg"},
{"product_name": "Coles Kitchen Garlic Baguette Twin Pack | 450g", "price": "$2.90", "unit_price": "$0.64 per 100g"},
{"product_name": "Vitasoy Soy Lite Milk | 1L", "price": "$2.85", "unit_price": "$2.85 per 1L"},
{"product_name": "Thomson'S Deli English Style Ham Quad Pack | 400g", "price": "$6.50", "unit_price": "$16.25 per 1kg"},
{"product_name": "Big M Original Chocolate Flavoured Milk | 2L", "price": "$6.00", "unit_price": "$3.00 per 1L"},
{"product_name": "Bulla Thickened Cream | 600mL", "price": "$6.00", "unit_price": "$1.00 per 100mL"},
{"product_name": "Devondale Unsalted Pat Butter | 250g", "price": "$5.30", "unit_price": "$2.12 per 100g"},
{"product_name": "Yoplait Mango Yoghurt | 1kg", "price": "$4.90", "unit_price": "$0.49 per 100g"},
{"product_name": "Coles Bacon Shortcut Rindless | 200g", "price": "$6.40", "unit_price": "$32.00 per 1kg"},
{"product_name": "Dream Whip Whipped Dairy Topping Cream | 250g", "price": "$5.60", "unit_price": "$2.24 per 100g"},
{"product_name": "Sunny Queen Free Range X Large Eggs 6 pack | 350g", "price": "$4.20", "unit_price": "$1.20 per 100g"},
{"product_name": "Dairy Farmers Thick & Creamy Strawberry Yoghurt | 150g", "price": "$2.60", "unit_price": "$1.73 per 100g"},
{"product_name": "Bega Strong & Bitey Natural Vintage Slices | 500g", "price": "$11.00", "unit_price": "$22.00 per 1kg"},
{"product_name": "Bulla Dollop Thick Cream | 200mL", "price": "$3.80", "unit_price": "$1.90 per 100mL"},
{"product_name": "Coles Kitchen Butter Chicken With Rice | 350g", "price": "$7.50", "unit_price": "$2.14 per 100g"},
{"product_name": "Coles Dairy Yoghurt Vanilla | 1kg", "price": "$4.00", "unit_price": "$0.40 per 100g"},
{"product_name": "Primo Mild Hungarian Salami | 80g", "price": "$3.70", "unit_price": "$46.25 per 1kg"},
{"product_name": "Coles Dairy Tasty Cheese Block | 500g", "price": "$7.70", "unit_price": "$15.40 per 1kg"},
{"product_name": "Coles Cherry Bocconcini | 220g", "price": "$4.80", "unit_price": "$21.82 per 1kg"},
{"product_name": "Pauls Zymil Low Fat Long Life Milk | 1L", "price": "$3.00", "unit_price": "$3.00 per 1L"},
{"product_name": "Vitasoy Dairy Soy Light Calcium Plus Milk | 1L", "price": "$2.70", "unit_price": "$2.70 per 1L"},
{"product_name": "Coles Grated Parmesan Cheese | 100g", "price": "$2.00", "unit_price": "$20.00 per 1kg"},
{"product_name": "Jalna Pot Set Yoghurt Natural Greek | 170g", "price": "$2.00", "unit_price": "$1.18 per 100g"},
{"product_name": "Coles Rindless Pan Sized Bacon | 200g", "price": "$6.40", "unit_price": "$32.00 per 1kg"},
{"product_name": "Devondale Full Cream Long Life Milk 6 pack | 1.2L", "price": "$6.00", "unit_price": "$5.00 per 1L"},
{"product_name": "Coles Cheese Shredded Mozzarella | 250g", "price": "$5.50", "unit_price": "$22.00 per 1kg"},
{"product_name": "Nuttelex Buttery Spread | 500g", "price": "$5.20", "unit_price": "$1.04 per 100g"},
{"product_name": "Cheer Tasty Cheese Slices | 750g", "price": "$14.00", "unit_price": "$18.67 per 1kg"},
{"product_name": "Devondale Salted Butter | 250g", "price": "$5.30", "unit_price": "$2.12 per 100g"},
{"product_name": "Josh's Rainbow Free Range Eggs Regular 6 Pack | 350g", "price": "$4.80", "unit_price": "$1.37 per 100g"},
{"product_name": "Devondale Light Milk | 2L", "price": "$4.40", "unit_price": "$2.20 per 1L"},
{"product_name": "Coles Butter | 250g", "price": "$4.30", "unit_price": "$1.72 per 100g"},
{"product_name": "Flora Margarine Spread Original | 500g", "price": "$4.20", "unit_price": "$0.84 per 100g"},
{"product_name": "Vitasoy Oat Milky | 1L", "price": "$3.00", "unit_price": "$3.00 per 1L"},
{"product_name": "Primo Dairy Short Cut Rindless Bacon | 750g", "price": "$15.50", "unit_price": "$20.67 per 1kg"},
{"product_name": "Gippsland Dairy Smooth & Creamy Twist Yoghurt | 700g", "price": "$7.90", "unit_price": "$1.13 per 100g"},
{"product_name": "Devondale Light Milk | 3L", "price": "$5.95", "unit_price": "$1.98 per 1L"},
{"product_name": "Devondale Full Cream Long Life Milk | 2L", "price": "$3.90", "unit_price": "$1.95 per 1L"},
{"product_name": "Thomson's Deli Thin Franks | 500g", "price": "$3.00", "unit_price": "$6.00 per 1kg"},
{"product_name": "Chobani Greek Yogurt Pouch Strawberry | 140g", "price": "$2.15", "unit_price": "$1.54 per 100g"},
{"product_name": "Yoplait Petit Miam Squeezie Banana Yoghurt Pouch | 70g", "price": "$0.95", "unit_price": "$1.36 per 100g"},
{"product_name": "Danone Yopro Vanilla Yoghurt | 700g", "price": "$7.50", "unit_price": "$1.07 per 100g"},
{"product_name": "Pace Farm Natural Living Free Range Large Eggs 12 pack | 600g", "price": "$6.90", "unit_price": "$1.15 per 100g"},
{"product_name": "Black Swan French Onion Dip | 200g", "price": "$3.50", "unit_price": "$1.75 per 100g"},
{"product_name": "Dairylea Original Cheese Slices 24 Pack | 432g", "price": "$9.00", "unit_price": "$20.83 per 1kg"},
{"product_name": "Jalna Greek Style Sweet & Creamy Yoghurt | 1kg", "price": "$8.30", "unit_price": "$0.83 per 100g"},
{"product_name": "Liddells Lactose Free 99% Low Fat Milk | 1L", "price": "$3.00", "unit_price": "$3.00 per 1L"},
{"product_name": "Ice Break Regular Strength Iced Coffee | 500mL", "price": "$2.90", "unit_price": "$5.80 per 1L"},
{"product_name": "Coles Honey Sliced Ham Sow Stall Free | 100g", "price": "$2.30", "unit_price": "$23.00 per 1kg"},
{"product_name": "Coles Tasty Light Cheese Slices 24 Pack | 500g", "price": "$9.30", "unit_price": "$18.60 per 1kg"},
{"product_name": "A2 Lactose Free Full Cream Milk | 1L", "price": "$4.10", "unit_price": "$4.10 per 1L"},
{"product_name": "Dare Espresso Iced Coffee | 750mL", "price": "$3.90", "unit_price": "$5.20 per 1L"},
{"product_name": "The Complete Dairy High Protein Full Cream Milk | 1L", "price": "$3.60", "unit_price": "$3.60 per 1L"},
{"product_name": "Vaalia Kids Tropical Yoghurt Pouch | 140g", "price": "$2.40", "unit_price": "$1.71 per 100g"},
{"product_name": "Coles Deli Danish Fetta Cheese | approx 100g", "price": "$2.13", "unit_price": "$21.30 per 1kg"},
{"product_name": "Gippsland Dairy Mango & Blood Orange Twist Yoghurt | 700g", "price": "$7.90", "unit_price": "$1.13 per 100g"},
{"product_name": "Bulla Dairy Low Fat Cottage Cheese Original | 500g", "price": "$6.00", "unit_price": "$12.00 per 1kg"},
{"product_name": "Flora ProActiv Margarine Spread Buttery | 500g", "price": "$10.00", "unit_price": "$2.00 per 100g"},
{"product_name": "Provedore Prosciutto | 100g", "price": "$7.00", "unit_price": "$70.00 per 1kg"},
{"product_name": "Devondale Regular Butter | 500g", "price": "$6.00", "unit_price": "$1.20 per 100g"},
{"product_name": "Coles Australian Tasty Cheese Slices 12 Pack | 250g", "price": "$6.00", "unit_price": "$24.00 per 1kg"},
{"product_name": "Dare No Added Sugar Double Espresso Flavoured Milk | 500mL", "price": "$3.80", "unit_price": "$7.60 per 1L"},
{"product_name": "Rokeby Farms Protein Smoothie Vanilla Wafer | 425mL", "price": "$3.50", "unit_price": "$8.24 per 1L"},
{"product_name": "Ice Break Extra Shot Real Coffee | 500mL", "price": "$2.90", "unit_price": "$5.80 per 1L"},
{"product_name": "Sanitarium So Good Chilled Regular Soy Milk | 1L", "price": "$2.80", "unit_price": "$2.80 per 1L"},
{"product_name": "Pauls Kids Yoghurt Strawberry Pink | 70g", "price": "$1.20", "unit_price": "$1.71 per 100g"},
{"product_name": "Yoplait Petit Miam Strawberry & Banana | 70g", "price": "$0.95", "unit_price": "$1.36 per 100g"},
{"product_name": "Josh's Rainbow Free Range Eggs 18 Pack | 900g", "price": "$10.90", "unit_price": "$1.21 per 100g"},
{"product_name": "Bega Tasty Block | 500g", "price": "$9.50", "unit_price": "$19.00 per 1kg"},
{"product_name": "Mersey Valley Club Classic Cheddar Cheese | 235g", "price": "$7.00", "unit_price": "$29.79 per 1kg"},
{"product_name": "Chobani Greek Yogurt Natural Whole Milk | 907g", "price": "$6.30", "unit_price": "$0.69 per 100g"},
{"product_name": "Babybel Mini Cheese Original | 100g", "price": "$6.25", "unit_price": "$62.50 per 1kg"},
{"product_name": "Vaalia French Vanilla Low Fat Yoghurt | 900g", "price": "$5.50", "unit_price": "$0.61 per 100g"},
{"product_name": "Boss Double Espresso Coffee | 237mL", "price": "$3.85", "unit_price": "$16.25 per 1L"},
{"product_name": "Divine Classic Crème Caramel Dessert 2 pack | 150g", "price": "$3.75", "unit_price": "$1.25 per 100g"},
{"product_name": "Devondale Moo Chocolate Flavoured Multipack Milk 200mL | 6 pack", "price": "$6.60", "unit_price": "$5.50 per 1L"},
{"product_name": "Farmers Union Iced Coffee | 2L", "price": "$6.00", "unit_price": "$3.00 per 1L"},
{"product_name": "Coles Shredded Roast Chicken Breast | 150g", "price": "$6.00", "unit_price": "$40.00 per 1kg"},
{"product_name": "East Coast Sustainable Dairy Full Cream Milk | 2L", "price": "$5.80", "unit_price": "$2.90 per 1L"},
{"product_name": "Rokeby Farms Probiotic Filmjolk Natural Yoghurt | 750g", "price": "$5.00", "unit_price": "$0.67 per 100g"},
{"product_name": "Yumi's Green Olive Dip | 200g", "price": "$4.50", "unit_price": "$2.25 per 100g"},
{"product_name": "Danone YoPro Pouch Passionfruit | 150g", "price": "$3.00", "unit_price": "$2.00 per 100g"},
{"product_name": "Danone YoPro Pouch Mixed Berries | 150g", "price": "$3.00", "unit_price": "$2.00 per 100g"},
{"product_name": "Sanitarium So Good Extra Creamy Oat Milk | 1L", "price": "$2.80", "unit_price": "$2.80 per 1L"},
{"product_name": "Chobani Fit Strawberry Yoghurt Pouch | 140g", "price": "$2.80", "unit_price": "$2.00 per 100g"},
{"product_name": "Vitasoy Chocolate Soy Milk | 1L", "price": "$2.40", "unit_price": "$2.40 per 1L"},
{"product_name": "Vaalia Kids Lactose Free Strawberry Yoghurt | 140g", "price": "$2.40", "unit_price": "$1.71 per 100g"},
{"product_name": "Chobani Greek Yogurt Raspberry | 160g", "price": "$2.15", "unit_price": "$1.34 per 100g"},
{"product_name": "Bertocchi Short Rindless Bacon | 400g", "price": "$10.00", "unit_price": "$25.00 per 1kg"},
{"product_name": "Gippsland Dairy Passionfruit Twist Yoghurt | 700g", "price": "$7.90", "unit_price": "$1.13 per 100g"},
{"product_name": "Chobani Greek Yogurt Vanilla | 907g", "price": "$6.30", "unit_price": "$0.69 per 100g"},
{"product_name": "Devondale Skim Long Life Milk | 1L", "price": "$2.20", "unit_price": "$2.20 per 1L"},
{"product_name": "Pauls Kids Vanilla Yoghurt | 70g", "price": "$1.20", "unit_price": "$1.71 per 100g"},
{"product_name": "Farmers Union Greek Style Mango Yoghurt Pouch | 130g", "price": "$1.10", "unit_price": "$0.85 per 100g"},
{"product_name": "Cheer Tasty Cheese Block | 500g", "price": "$10.90", "unit_price": "$21.80 per 1kg"},
{"product_name": "Dairylea Regular Cheese Slices 36 Pack | 648g", "price": "$10.80", "unit_price": "$16.67 per 1kg"},
{"product_name": "Flora ProActiv Margarine Spread Light | 500g", "price": "$10.00", "unit_price": "$2.00 per 100g"},
{"product_name": "A2 Dairy Light Milk | 3L", "price": "$9.90", "unit_price": "$3.30 per 1L"},
{"product_name": "Coles Kitchen Special Fried Rice | 350g", "price": "$7.50", "unit_price": "$2.14 per 100g"},
{"product_name": "Dare Espresso Flavoured Milk | 2L", "price": "$6.50", "unit_price": "$3.25 per 1L"},
{"product_name": "Yoplait Berry Punnet Yoghurt 6x160g | 960g", "price": "$6.50", "unit_price": "$0.68 per 100g"},
{"product_name": "Tamar Valley The Creamery Yoghurt Mangoes & Cream | 700g", "price": "$6.00", "unit_price": "$0.86 per 100g"},
{"product_name": "Bulla Sour Cream | 400mL", "price": "$5.50", "unit_price": "$1.38 per 100g"},
{"product_name": "Yumi's Sweet Potato & Roasted Cashews Dip | 200g", "price": "$4.50", "unit_price": "$2.25 per 100g"},
{"product_name": "Coles Smooth Ricotta | 375g", "price": "$3.60", "unit_price": "$9.60 per 1kg"},
{"product_name": "Black Swan Spicy Capsicum Dip | 200g", "price": "$3.50", "unit_price": "$1.75 per 100g"},
{"product_name": "Chobani Flip Strawberry Shortcake Yoghurt | 140g", "price": "$3.50", "unit_price": "$2.50 per 100g"},
{"product_name": "Thomson's Deli Streaky Bacon | 200g", "price": "$5.00", "unit_price": "$25.00 per 1kg"},
{"product_name": "Activia Low Fat Strawberry Yoghurt 4x125g | 500g", "price": "$4.50", "unit_price": "$0.90 per 100g"},
{"product_name": "Australia's Own Almond Barista Milk | 1L", "price": "$4.50", "unit_price": "$4.50 per 1L"},
{"product_name": "Antoniou Filo Pastry Chilled | 375g", "price": "$4.50", "unit_price": "$1.20 per 100g"},
{"product_name": "Coles Tasty Cheese & Crackers 4 Pack | 120g", "price": "$4.40", "unit_price": "$3.67 per 100g"},
{"product_name": "Pauls Vanilla Custard | 600g", "price": "$4.30", "unit_price": "$0.72 per 100g"},
{"product_name": "Primo Gluten Free Thinly Sliced Pastrami Beef | 80g", "price": "$3.70", "unit_price": "$46.25 per 1kg"},
{"product_name": "Coles Spreadable Light Cream Cheese Tub | 250g", "price": "$3.10", "unit_price": "$12.40 per 1kg"},
{"product_name": "Danone Yopro Banana Yoghurt | 160g", "price": "$3.00", "unit_price": "$1.88 per 100g"},
{"product_name": "Gippsland Dairy Cookies & Cream Mix-Ins | 140g", "price": "$2.75", "unit_price": "$1.96 per 100g"},
{"product_name": "Dairy Farmers Thick & Creamy Classic Vanilla Yoghurt | 150g", "price": "$2.60", "unit_price": "$1.73 per 100g"},
{"product_name": "Vitasoy Soy Milky Lite Long Life Milk 1L | 1L", "price": "$2.45", "unit_price": "$2.45 per 1L"},
{"product_name": "Gippsland Dairy Boysenberry Twist Yoghurt | 160g", "price": "$2.40", "unit_price": "$1.50 per 100g"},
{"product_name": "Latina Fresh Italian Tomato & Garlic Pasta Sauce | 425g", "price": "$7.50", "unit_price": "$1.76 per 100g"},
{"product_name": "Don Dairy Strasburg Knob | 500g", "price": "$7.45", "unit_price": "$14.90 per 1kg"},
{"product_name": "Don Cocktail Franks Skinless | 600g", "price": "$6.90", "unit_price": "$11.50 per 1kg"},
{"product_name": "Primo Shredded Ham Twin Pack | 300g", "price": "$4.80", "unit_price": "$16.00 per 1kg"},
{"product_name": "Sanitarium So Good Barista Oat Uht Milk | 1L", "price": "$4.00", "unit_price": "$4.00 per 1L"},
{"product_name": "Black Swan Spring Onion Dip | 200g", "price": "$3.50", "unit_price": "$1.75 per 100g"},
{"product_name": "Blue Diamond Almond Breeze Unsweetened Almond Milk | 1L", "price": "$3.30", "unit_price": "$3.30 per 1L"},
{"product_name": "Mainland On The Go Extra Tasty Cheese & Date Apricot Crackers | 38g", "price": "$3.00", "unit_price": "$7.89 per 100g"},
{"product_name": "Danone Yopro Salted Caramel Flavoured Yoghurt | 160g", "price": "$3.00", "unit_price": "$1.88 per 100g"},
{"product_name": "Danone Yopro Mango Yoghurt | 160g", "price": "$3.00", "unit_price": "$1.88 per 100g"},
{"product_name": "Chobani Fit Banana Yoghurt Pouch | 140g", "price": "$2.80", "unit_price": "$2.00 per 100g"},
{"product_name": "Coles Organic Unsweetened Oat Milk | 1L", "price": "$2.25", "unit_price": "$2.25 per 1L"},
{"product_name": "A2 Full Cream Instant Milk Powder | 1kg", "price": "$19.00", "unit_price": "$1.90 per 100g"},
{"product_name": "Latina Fresh Veal Tortellini | 375g", "price": "$8.00", "unit_price": "$2.13 per 100g"},
{"product_name": "Moorabool Valley Free Range Eggs 12 Pack | 700g", "price": "$7.90", "unit_price": "$1.13 per 100g"},
{"product_name": "Coles Australian Shredded Pizza | 250g", "price": "$5.50", "unit_price": "$22.00 per 1kg"},
{"product_name": "The Laughing Cow Light Less Fat Cheese Spread | 128g", "price": "$5.00", "unit_price": "$39.06 per 1kg"},
{"product_name": "Farmers Union Greek Style Protein Yogurt | 500g", "price": "$5.00", "unit_price": "$1.00 per 100g"},
{"product_name": "Yumi's Spicy Capsicum with Cashews Dip | 200g", "price": "$4.50", "unit_price": "$2.25 per 100g"},
{"product_name": "Lemnos Fetta Traditional | 180g", "price": "$6.50", "unit_price": "$36.11 per 1kg"},
{"product_name": "Flora ProActiv Margarine Spread Original | 250g", "price": "$5.75", "unit_price": "$2.30 per 100g"},
{"product_name": "La Casa Del Formaggio Mozzarella Ball | 250g", "price": "$5.50", "unit_price": "$22.00 per 1kg"},
{"product_name": "Bel Dairy Cheese Dippers 4 Pack | 140g", "price": "$5.20", "unit_price": "$3.71 per 100g"},
{"product_name": "South Cape Cream Cheese Sweet Chilli | 80g", "price": "$4.80", "unit_price": "$60.00 per 1kg"},
{"product_name": "Rokeby Farms Lactose Free Full Cream Milk | 1L", "price": "$3.20", "unit_price": "$3.20 per 1L"},
{"product_name": "Coles Kitchen Chicken & Corn Soup | 300g", "price": "$3.00", "unit_price": "$1.00 per 100g"},
{"product_name": "Oak Paddle Pop Flavoured Milk | 600mL", "price": "$2.90", "unit_price": "$4.83 per 1L"},
{"product_name": "Dairy Farmers Thick & Creamy Caramelised Fig Yoghurt | 150g", "price": "$2.60", "unit_price": "$1.73 per 100g"},
{"product_name": "Tamar Valley Kids Natural Greek Tropical Yoghurt Pouch | 110g", "price": "$2.40", "unit_price": "$2.18 per 100g"},
{"product_name": "Coles Beef Lasagne | 1.8kg", "price": "$12.00", "unit_price": "$0.67 per 100g"},
{"product_name": "Perfect Italiano Mexican Cheese Blend Grated | 450g", "price": "$9.50", "unit_price": "$21.11 per 1kg"},
{"product_name": "Mersey Valley Club Original Cheddar Cheese | 235g", "price": "$7.00", "unit_price": "$29.79 per 1kg"},
{"product_name": "Perfect Italiano Shredded Mozzarella | 250g", "price": "$5.80", "unit_price": "$23.20 per 1kg"},
{"product_name": "Don Crafted Cuts Double Smoked Pansize Bacon | 200g", "price": "$5.70", "unit_price": "$28.50 per 1kg"},
{"product_name": "Coles Cheese Shredded Mexican Blend | 250g", "price": "$5.50", "unit_price": "$22.00 per 1kg"},
{"product_name": "Gippsland Dairy Strawberry Cream Twist Yoghurt | 700g", "price": "$7.90", "unit_price": "$1.13 per 100g"},
{"product_name": "Lucky Chicken Free Range Eggs 12 pack | 700g", "price": "$7.60", "unit_price": "$1.09 per 100g"},
{"product_name": "Bega Easy Melt Colby Slices | 250g", "price": "$7.50", "unit_price": "$30.00 per 1kg"},
{"product_name": "Provedore Salami Tasting Plate | 100g", "price": "$7.00", "unit_price": "$70.00 per 1kg"},
{"product_name": "Ice Break Regular Strength Real Coffee | 2L", "price": "$6.50", "unit_price": "$3.25 per 1L"},
{"product_name": "Yoplait Zero Berry Harvest Yoghurt 6x160g | 960g", "price": "$6.50", "unit_price": "$0.68 per 100g"},
{"product_name": "La Casa Del Formaggio Burrata | 150g", "price": "$6.50", "unit_price": "$43.34 per 1kg"},
{"product_name": "Coles Sliced Peri Peri Roast Chicken Breast | 150g", "price": "$6.00", "unit_price": "$40.00 per 1kg"},
{"product_name": "Lurpak Spreadable Lighter | 250g", "price": "$5.50", "unit_price": "$2.20 per 100g"},
{"product_name": "Obela Classic Smooth Hommus | 220g", "price": "$5.00", "unit_price": "$2.27 per 100g"},
{"product_name": "Oak Strawberry Flavoured Milk | 750mL", "price": "$4.60", "unit_price": "$6.13 per 1L"},
{"product_name": "Primo Gluten Free Cheese Kransky | 250g", "price": "$4.40", "unit_price": "$17.60 per 1kg"},
{"product_name": "Green Pastures Full Cream Milk | 2L", "price": "$4.30", "unit_price": "$2.15 per 1L"},
{"product_name": "Philadelphia Portions Cream Cheese Original Spread | 150g", "price": "$4.00", "unit_price": "$26.67 per 1kg"},
{"product_name": "Sanitarium So Good Almond Barista Uht Milk | 1L", "price": "$4.00", "unit_price": "$4.00 per 1L"},
{"product_name": "Dare Butterscotch Flavoured Milk | 750mL", "price": "$3.90", "unit_price": "$5.20 per 1L"},
{"product_name": "Great Ocean Road Iced Coffee Flavoured Milk | 2L", "price": "$5.35", "unit_price": "$2.68 per 1L"},
{"product_name": "Wicked Sister Vanilla Bean Rice Pudding 2x170g | 340g", "price": "$4.80", "unit_price": "$1.41 per 100g"},
{"product_name": "Danone Activia Yoghurt Blueberry 4x125g | 500g", "price": "$4.50", "unit_price": "$0.90 per 100g"},
{"product_name": "Coles Light Sour Cream | 500g", "price": "$4.20", "unit_price": "$0.84 per 100g"},
{"product_name": "Bulla Light Thickened Cream | 300mL", "price": "$3.50", "unit_price": "$1.17 per 100mL"},
{"product_name": "Farmhouse Gold Full Cream Milk  | 750mL", "price": "$3.30", "unit_price": "$4.40 per 1L"},
{"product_name": "Mainland On The Go Tasty Cheese & Cranberry Sunflower Crackers | 38g", "price": "$3.00", "unit_price": "$7.89 per 100g"},
{"product_name": "Vitasoy Protein Plus | 1L", "price": "$3.00", "unit_price": "$3.00 per 1L"},
{"product_name": "Oak Strawberry Flavoured Milk | 600mL", "price": "$2.90", "unit_price": "$4.83 per 1L"},
{"product_name": "Dairy Farmers Thick & Creamy Yoghurt Strawberry & Wattleseed | 140g", "price": "$2.60", "unit_price": "$1.86 per 100g"},
{"product_name": "Gippsland Dairy Yogurt Mixed Berry | 160g", "price": "$2.40", "unit_price": "$1.50 per 100g"},
{"product_name": "Cheer Dairy Tasty Light Cheese Slices | 500g", "price": "$11.00", "unit_price": "$22.00 per 1kg"},
{"product_name": "King Island Dairy Cape Wickham Double Brie | 200g", "price": "$8.90", "unit_price": "$44.50 per 1kg"},
{"product_name": "Jalna Pot Set Organic Bio Dynamic Whole Milk Yoghurt | 1kg", "price": "$8.80", "unit_price": "$0.88 per 100g"},
{"product_name": "Coles Kitchen Butter Chicken | 350g", "price": "$8.00", "unit_price": "$2.29 per 100g"},
{"product_name": "Coles Kitchen Spinach & Ricotta Cannelloni | 350g", "price": "$8.00", "unit_price": "$2.29 per 100g"},
{"product_name": "Lemnos Traditional Fetta Twin Pack | 200g", "price": "$7.00", "unit_price": "$35.00 per 1kg"},
{"product_name": "Provedore Garlic & Fennel Salami | 100g", "price": "$6.00", "unit_price": "$60.00 per 1kg"},
{"product_name": "Nutty Bruce Organic Unsweetened Almond Milk | 1L", "price": "$6.00", "unit_price": "$6.00 per 1L"},
{"product_name": "Caprilac Pasteurised Goats Milk | 1L", "price": "$5.95", "unit_price": "$5.95 per 1L"},
{"product_name": "Yumi's Sesame Falafel Balls | 225g", "price": "$5.50", "unit_price": "$2.44 per 100g"},
{"product_name": "Vaalia Low Fat Passionfruit Yoghurt 4 Pack | 150g", "price": "$5.30", "unit_price": "$3.53 per 100g"},
{"product_name": "Pauls Bluey Kids UHT Full Cream Milk 6x200mL | 6 pack", "price": "$5.20", "unit_price": "$0.43 per 100mL"},
{"product_name": "Primo Gluten Free Real Diced Bacon | 200g", "price": "$5.20", "unit_price": "$26.00 per 1kg"},
{"product_name": "Coles Edam Cheese Slices | 200g", "price": "$5.00", "unit_price": "$25.00 per 1kg"},
{"product_name": "Kraft Grated Parmesan Cheese Cannister | 125g", "price": "$5.00", "unit_price": "$40.00 per 1kg"},
{"product_name": "Tasmanian Heritage Little Entertainers Double Brie | 80g", "price": "$4.80", "unit_price": "$60.00 per 1kg"},
{"product_name": "Western Star Unsalted Butter | 250g", "price": "$4.00", "unit_price": "$1.60 per 100g"},
{"product_name": "Dare Lactose Free Double Expresso Flav Milk | 500mL", "price": "$3.80", "unit_price": "$7.60 per 1L"},
{"product_name": "Chobani Caramel Sunshine Flip Yoghurt | 140g", "price": "$3.50", "unit_price": "$2.50 per 100g"},
{"product_name": "Oak Iced Coffee Flavoured Milk | 600mL", "price": "$2.90", "unit_price": "$4.83 per 1L"},
{"product_name": "Gippsland Dairy Choc Fudge Honeycomb Mix-Ins | 140g", "price": "$2.75", "unit_price": "$1.96 per 100g"},
{"product_name": "Latina Lasagne with Angus Beef & Vegetables | 1.6kg", "price": "$19.95", "unit_price": "$1.25 per 100g"},
{"product_name": "Latina Fresh Creamy Carbonara Pasta Sauce | 425g", "price": "$7.50", "unit_price": "$1.76 per 100g"},
{"product_name": "Babushka's Probiotic Kefir Yoghurt Mango | 750g", "price": "$6.20", "unit_price": "$0.83 per 100g"},
{"product_name": "Danone The Ultimate Black Cherry Yoghurt 4x115g | 4 pack", "price": "$5.75", "unit_price": "$1.25 per 100g"},
{"product_name": "Five:AM Organic Vanilla Bean Yoghurt | 700g", "price": "$5.50", "unit_price": "$0.79 per 100g"},
{"product_name": "Obela Hommus Roasted Pine Nut Dip | 220g", "price": "$5.50", "unit_price": "$2.50 per 100g"},
{"product_name": "Fresh Fodder Greek Style Tzatziki Dip | 200g", "price": "$5.40", "unit_price": "$2.70 per 100g"},
{"product_name": "Black Swan Crafted Spinach And Feta Dip | 170g", "price": "$4.60", "unit_price": "$2.71 per 100g"},
{"product_name": "Coles Australian Made Rindless Short Cut Bacon | 200g", "price": "$4.50", "unit_price": "$22.50 per 1kg"},
{"product_name": "Don Crafted Cuts Roast Turkey | 80g", "price": "$4.40", "unit_price": "$55.00 per 1kg"},
{"product_name": "Don Crafted Cuts Grass Fed Roast Beef | 100g", "price": "$4.40", "unit_price": "$44.00 per 1kg"},
{"product_name": "Coles Vintage Cheese & Crackers 4 Pack | 120g", "price": "$4.40", "unit_price": "$3.67 per 100g"},
{"product_name": "Dare Iced Coffee Espresso Flavoured Milk | 500mL", "price": "$3.80", "unit_price": "$7.60 per 1L"},
{"product_name": "Don Honey Leg Ham | 200g", "price": "$3.20", "unit_price": "$16.00 per 1kg"},
{"product_name": "Vitasoy Oat Unsweetened Milk | 1L", "price": "$3.20", "unit_price": "$3.20 per 1L"},
{"product_name": "Five:AM Organic Coffee Bean Yoghurt | 170g", "price": "$3.00", "unit_price": "$1.76 per 100g"},
{"product_name": "Coles Unsweetened Coconut Milk | 1L", "price": "$2.00", "unit_price": "$2.00 per 1L"},
{"product_name": "Brownes Dairy Wiggles Yoghurt Pouch Vanilla | 90g", "price": "$1.40", "unit_price": "$1.56 per 100g"},
{"product_name": "Coles Parmigiano Reggiano | 250g", "price": "$11.40", "unit_price": "$45.60 per 1kg"},
{"product_name": "Latina Lasagne Ravioli | 625g", "price": "$11.00", "unit_price": "$1.76 per 100g"},
{"product_name": "Jindi Triple Cream Brie | 180g", "price": "$8.50", "unit_price": "$47.22 per 1kg"},
{"product_name": "Coles Kitchen Chicken Biryani | 350g", "price": "$8.00", "unit_price": "$2.29 per 100g"},
{"product_name": "Latina Fresh Beef Bolognese | 425g", "price": "$7.50", "unit_price": "$1.76 per 100g"},
{"product_name": "Vegie Delights Plant Based Hot Dogs | 300g", "price": "$7.50", "unit_price": "$2.50 per 100g"},
{"product_name": "Tamar Valley Greek Style Vanilla Bean Yoghurt | 700g", "price": "$7.50", "unit_price": "$1.07 per 100g"},
{"product_name": "Pauls Smarter White Milk | 3L", "price": "$6.95", "unit_price": "$2.32 per 1L"},
{"product_name": "Pura Light Start Milk | 3L", "price": "$6.30", "unit_price": "$2.10 per 1L"},
{"product_name": "Chobani Mango Greek Yogurt | 700g", "price": "$6.00", "unit_price": "$0.86 per 100g"},
{"product_name": "Primo Cafe Classics Sliced Chicken Schnitzel | 150g", "price": "$6.00", "unit_price": "$40.00 per 1kg"},
{"product_name": "Cocobella Dairy Free Natural Coconut Yoghurt | 500g", "price": "$5.00", "unit_price": "$1.00 per 100g"},
{"product_name": "Coles Meals Beef Lasagne | 350g", "price": "$5.00", "unit_price": "$1.43 per 100g"},
{"product_name": "South Cape Cream Cheese Apricot Almond | 80g", "price": "$4.80", "unit_price": "$60.00 per 1kg"},
{"product_name": "Coles Dairy Free Barista Almond Milk | 1L", "price": "$3.50", "unit_price": "$3.50 per 1L"},
{"product_name": "Australia's Own Unsweetened Organic Almond Milk | 1L", "price": "$3.10", "unit_price": "$3.10 per 1L"},
{"product_name": "Loco Dairy Free Sour Creamy | 200mL", "price": "$3.00", "unit_price": "$1.50 per 100mL"},
{"product_name": "Coles Kitchen Broccoli Cauliflower & Parmesan Soup | 300g", "price": "$3.00", "unit_price": "$1.00 per 100g"},
{"product_name": "Oak Vanilla Malt Flavoured Milk | 600ml", "price": "$2.90", "unit_price": "$4.83 per 1L"},
{"product_name": "Chobani Fit Tropical Greek Yogurt | 170g", "price": "$2.80", "unit_price": "$1.65 per 100g"},
{"product_name": "Pureharvest Unsweetened Almond Milk | 1L", "price": "$2.60", "unit_price": "$2.60 per 1L"},
{"product_name": "Pauls Vanilla Custard Pouch | 140g", "price": "$2.40", "unit_price": "$1.71 per 100g"},
{"product_name": "Chobani No Sugar Added Yogurt Vanilla | 150g", "price": "$2.15", "unit_price": "$1.43 per 100g"},
{"product_name": "Coles Light Cheese & Crackers | 50g", "price": "$1.90", "unit_price": "$3.80 per 100g"},
{"product_name": "Coles Tasty Cheese & Crackers | 50g", "price": "$1.90", "unit_price": "$3.80 per 100g"},
{"product_name": "Coles Dairy Vanilla Flavour Custard | 600g", "price": "$1.80", "unit_price": "$0.30 per 100g"},
{"product_name": "Farmers Union Greek Style Passionfruit Yoghurt Pouch | 130g", "price": "$1.10", "unit_price": "$0.85 per 100g"},
{"product_name": "Cheer Tasty Cheese Block | 1kg", "price": "$14.95", "unit_price": "$14.95 per 1kg"},
{"product_name": "Jalna Sweet & Creamy Greek Yoghurt | 2kg", "price": "$13.00", "unit_price": "$0.65 per 100g"},
{"product_name": "Coles Cheese Slices 84 pack | 1kg", "price": "$12.50", "unit_price": "$12.50 per 1kg"},
{"product_name": "Oak Thickshake Neapolitan Flavoured Milk | 425mL", "price": "$3.00", "unit_price": "$7.06 per 1L"},
{"product_name": "Wicked Sister High Protein Strawberry Pudding | 170g", "price": "$3.00", "unit_price": "$1.76 per 100g"},
{"product_name": "Five:AM Organic Vanilla Bean Yoghurt | 170g", "price": "$3.00", "unit_price": "$1.76 per 100g"},
{"product_name": "Pauls Milky Max Chocolate Custard | 70g", "price": "$1.50", "unit_price": "$2.14 per 100g"},
{"product_name": "Pauls Kids Yoghurt Limited Edition | 70g", "price": "$1.20", "unit_price": "$1.71 per 100g"},
{"product_name": "Coles Organic Free Range Eggs 12 Pack | 600g", "price": "$10.00", "unit_price": "$1.67 per 100g"},
{"product_name": "Liddells Colby Cheese Slices | 250g", "price": "$8.50", "unit_price": "$34.00 per 1kg"},
{"product_name": "Liddells Lactose Free Shredded Cheese | 250g", "price": "$8.50", "unit_price": "$34.00 per 1kg"},
{"product_name": "Jalna Pot Set Coconut Yoghurt | 1kg", "price": "$8.30", "unit_price": "$0.83 per 100g"},
{"product_name": "Rana Spinach & Ricotta Tortellini | 325g", "price": "$8.00", "unit_price": "$2.46 per 100g"},
{"product_name": "Tamar Valley Natural 99.85% Fat Free Yoghurt | 1kg", "price": "$8.00", "unit_price": "$0.80 per 100g"},
{"product_name": "Lemnos Smooth Fetta | 200g", "price": "$6.50", "unit_price": "$32.50 per 1kg"},
{"product_name": "Coles Dairy Colby Cheese Slices 12 Pack | 250g", "price": "$6.00", "unit_price": "$24.00 per 1kg"},
{"product_name": "Provedore Mild Chorizo Salami | 100g", "price": "$6.00", "unit_price": "$60.00 per 1kg"},
{"product_name": "Perfect Italiano Mexican Blend Grated Cheese | 250g", "price": "$5.80", "unit_price": "$23.20 per 1kg"},
{"product_name": "Danone The Ultimate Tropical Mango Yoghurt 4x115g | 4 pack", "price": "$5.75", "unit_price": "$1.25 per 100g"},
{"product_name": "Perfect Italiano Grated Cheese Perfect Bakes | 250g", "price": "$5.80", "unit_price": "$23.20 per 1kg"},
{"product_name": "Bertolli Spread With Butter | 450g", "price": "$5.50", "unit_price": "$1.22 per 100g"},
{"product_name": "Coles Finest Wensleydale With Cranberry PGI | 150g", "price": "$5.50", "unit_price": "$36.67 per 1kg"},
{"product_name": "Meredith Goats Cheese Chevre | 80g", "price": "$5.50", "unit_price": "$68.75 per 1kg"},
{"product_name": "Pauls French Vanilla Double Thick Custard | 900g", "price": "$5.30", "unit_price": "$0.59 per 100g"},
{"product_name": "Pauls Rich Chocolate Double Thick Custard | 900g", "price": "$5.30", "unit_price": "$0.59 per 100g"},
{"product_name": "Bulla Crème Fraiche | 200g", "price": "$5.00", "unit_price": "$2.50 per 100g"},
{"product_name": "Red Rock Deli Dip Basil Pesto Pecorino & Cashew | 135g", "price": "$5.00", "unit_price": "$3.70 per 100g"},
{"product_name": "Coles Monterey Jack Cheese Slices | 200g", "price": "$5.00", "unit_price": "$25.00 per 1kg"},
{"product_name": "Coles Pasta Tortellini Veal | 600g", "price": "$5.00", "unit_price": "$0.83 per 100g"},
{"product_name": "Black Swan Crafted Caramelised French Onion Dip | 170g", "price": "$4.60", "unit_price": "$2.71 per 100g"},
{"product_name": "Coles Finest Stone Baked Garlic Ciabatta | 200g", "price": "$4.50", "unit_price": "$2.25 per 100g"},
{"product_name": "Kingland Dairy Free Berries & Chia Seeds Greek Style Yoghurt | 500g", "price": "$4.40", "unit_price": "$0.88 per 100g"},
{"product_name": "Breaka Chupa Chupa Choco Vanilla Flavoured Milk | 600mL", "price": "$3.80", "unit_price": "$6.33 per 1L"},
{"product_name": "Blue Diamond Almond Breeze Chocolate Flavoured Almond Milk | 1L", "price": "$3.60", "unit_price": "$3.60 per 1L"},
{"product_name": "Black Swan Corn Relish Dip | 200g", "price": "$3.50", "unit_price": "$1.75 per 100g"},
{"product_name": "Bio Cheddar Cheese Slices | 200g", "price": "$9.00", "unit_price": "$45.00 per 1kg"},
{"product_name": "Jalna Lactose Free Whole Milk Natural Yoghurt | 1kg", "price": "$8.80", "unit_price": "$0.88 per 100g"},
{"product_name": "Coles Kitchen Pesto And Sundried Tomato Gnocchi | 350g", "price": "$8.00", "unit_price": "$2.29 per 100g"},
{"product_name": "Coles Kitchen Beef Stroganoff And Rice | 350g", "price": "$8.00", "unit_price": "$2.29 per 100g"},
{"product_name": "Cheer Mozzarella Cheese Slices | 250g", "price": "$8.00", "unit_price": "$32.00 per 1kg"},
{"product_name": "Cracker Barrel Extra Sharp Cheese Slices | 250g", "price": "$7.45", "unit_price": "$29.80 per 1kg"},
{"product_name": "Jalna Farm To Pot Organic Yoghurt Greek | 1kg", "price": "$7.00", "unit_price": "$0.70 per 100g"},
{"product_name": "Yumis Traditional Hommus | 500g", "price": "$6.50", "unit_price": "$1.30 per 100g"},
{"product_name": "South Cape Apricot & Almond Cream Cheese | 200g", "price": "$6.50", "unit_price": "$32.50 per 1kg"},
{"product_name": "Coles Kitchen BBQ Chicken & Bacon Pizza | 460g", "price": "$6.50", "unit_price": "$1.41 per 100g"},
{"product_name": "Coles Kitchen Double Pepperoni Pizza | 420g", "price": "$6.50", "unit_price": "$1.55 per 100g"},
{"product_name": "Yoplait Classic Yoghurt 6x160g | 960g", "price": "$6.50", "unit_price": "$0.68 per 100g"},
{"product_name": "Coles Double Cream Camembert | 200g", "price": "$6.50", "unit_price": "$32.50 per 1kg"},
{"product_name": "Primo Short Cut Salt Reduced Rindless Bacon | 200g", "price": "$6.20", "unit_price": "$31.00 per 1kg"},
{"product_name": "Cadbury Dairy Milk Mousse 2x80g | 160g", "price": "$6.00", "unit_price": "$3.75 per 100g"},
{"product_name": "Devondale Salt Reduced Butter | 500g", "price": "$6.00", "unit_price": "$1.20 per 100g"},
{"product_name": "Yumi's Mexican Bean with a Hint of Chilli Dip | 200g", "price": "$4.50", "unit_price": "$2.25 per 100g"},
{"product_name": "Senza Gluten & Dairy Free Garlic Bread | 250g", "price": "$4.50", "unit_price": "$1.80 per 100g"},
{"product_name": "Breaka Chupa Chups Strawberries & Cream | 600mL", "price": "$3.80", "unit_price": "$6.33 per 1L"},
{"product_name": "Obela Dip Hommus To Go Singles 3X60G | 180g", "price": "$3.80", "unit_price": "$2.11 per 100g"},
{"product_name": "The Cheesecake Shop Strawberry Cheesecake Cup | 100g", "price": "$3.50", "unit_price": "$3.50 per 100g"},
{"product_name": "Mainland Creamy Caramelised Onion | 40g", "price": "$3.00", "unit_price": "$7.50 per 100g"},
{"product_name": "Wicked Sister High Protein Banana Pudding | 170g", "price": "$3.00", "unit_price": "$1.76 per 100g"},
{"product_name": "Annie's Orchard Unsweetened Almond Milk | 1L", "price": "$2.60", "unit_price": "$2.60 per 1L"},
{"product_name": "Cocobella Coconut Passionfruit Yoghurt | 150g", "price": "$2.50", "unit_price": "$1.67 per 100g"},
{"product_name": "Coles Kitchen Plain Pizza Base | 260g", "price": "$2.20", "unit_price": "$0.85 per 100g"},
{"product_name": "Milklab Almond Milk | 250mL", "price": "$2.00", "unit_price": "$0.80 per 100mL"},
{"product_name": "Jalna Pot Set Yoghurt Vanilla | 170g", "price": "$2.00", "unit_price": "$1.18 per 100g"},
{"product_name": "Coles Peach And Mango Flavoured Yoghurt | 150g", "price": "$1.20", "unit_price": "$0.80 per 100g"},
{"product_name": "Coles Australian Colby Cheese | 1kg", "price": "$13.90", "unit_price": "$13.90 per 1kg"},
{"product_name": "Bega Natural 25% Red Fat Tasty Slices 30 pack | 500g", "price": "$11.00", "unit_price": "$22.00 per 1kg"},
{"product_name": "Rana Spinach & Ricotta Tortellini | 565g", "price": "$10.00", "unit_price": "$1.77 per 100g"},
{"product_name": "Coles Dairy Free Coconut Yoghurt | 500g", "price": "$5.70", "unit_price": "$1.14 per 100g"},
{"product_name": "Coles Ash Brie | 200g", "price": "$5.50", "unit_price": "$27.50 per 1kg"},
{"product_name": "Meredith Dairy Marinated Goats Cheese | 100g", "price": "$5.50", "unit_price": "$55.00 per 1kg"},
{"product_name": "Coles Smooth Blue Cheese | 150g", "price": "$5.20", "unit_price": "$34.67 per 1kg"},
{"product_name": "Soyco Tofu Chinese Honey Soy | 200g", "price": "$5.10", "unit_price": "$2.55 per 100g"},
{"product_name": "Normandie Dairy Black Pepper Pate | 150g", "price": "$5.10", "unit_price": "$34.00 per 1kg"},
{"product_name": "Kiri Cheese Cream | 108g", "price": "$4.85", "unit_price": "$44.91 per 1kg"},
{"product_name": "Coles Double Cream | 300mL", "price": "$4.80", "unit_price": "$1.60 per 100mL"},
{"product_name": "Nutrisoy Organic Tasty Tempeh | 300g", "price": "$4.70", "unit_price": "$1.57 per 100g"},
{"product_name": "Coles Kitchen Potato Gnocchi | 500g", "price": "$4.60", "unit_price": "$0.92 per 100g"},
{"product_name": "Goodrich Creamy Barista Almond Milk | 1L", "price": "$4.30", "unit_price": "$4.30 per 1L"},
{"product_name": "Bulla Extra Thick Double Cream | 200mL", "price": "$4.00", "unit_price": "$2.00 per 100mL"},
{"product_name": "Minor Figures Everyday Oat Milk Barista | 1L", "price": "$3.90", "unit_price": "$3.90 per 1L"},
{"product_name": "Pauls Zymil Chocolate Flavoured Milk | 400mL", "price": "$3.90", "unit_price": "$9.75 per 1L"},
{"product_name": "Danone Yopro Perform Yoghurt Peach | 175g", "price": "$3.70", "unit_price": "$2.11 per 100g"},
{"product_name": "YoPro Perform Yoghurt Mixed Berry | 175g", "price": "$3.70", "unit_price": "$2.11 per 100g"},
{"product_name": "Dari's Beef & Barley Soup | 550g", "price": "$6.85", "unit_price": "$1.25 per 100g"},
{"product_name": "South Cape Camembert | 200g", "price": "$6.80", "unit_price": "$34.00 per 1kg"},
{"product_name": "Coles Kitchen Pizza Pumpkin & Fetta | 470g", "price": "$6.50", "unit_price": "$1.38 per 100g"},
{"product_name": "Devondale Skim Long Life Milk 6 pack | 1.2L", "price": "$6.00", "unit_price": "$5.00 per 1L"},
{"product_name": "Coles Dairy Tasty Lite Cheese Block | 250g", "price": "$6.00", "unit_price": "$24.00 per 1kg"},
{"product_name": "Soyco Tofu Thai  | 200g", "price": "$5.10", "unit_price": "$2.55 per 100g"},
{"product_name": "Red Rock Deli Dip Roasted Tomato Feta Basil & Cashew | 135g", "price": "$5.00", "unit_price": "$3.70 per 100g"},
{"product_name": "Red Rock Deli Dip Roasted Capsicum Pecorino Cashew & Basil | 135g", "price": "$5.00", "unit_price": "$3.70 per 100g"},
{"product_name": "Coles Ham & Cheese Tortellini | 600g", "price": "$5.00", "unit_price": "$0.83 per 100g"},
{"product_name": "Farmers Union Greek Style Lactose Free Yoghurt | 500g", "price": "$5.00", "unit_price": "$1.00 per 100g"},
{"product_name": "Perfect Italiano Original Ricotta Soft Cheese Tub | 250g", "price": "$5.00", "unit_price": "$20.00 per 1kg"},
{"product_name": "Minor Figures Barista Oat Milk | 1L", "price": "$4.80", "unit_price": "$4.80 per 1L"},
{"product_name": "Black Swan Crafted Guacamole Dip | 170g", "price": "$4.60", "unit_price": "$2.71 per 100g"},
{"product_name": "Yumi's Choice Smoked Salmon Lemon & Dill | 140g", "price": "$4.50", "unit_price": "$3.21 per 100g"},
{"product_name": "Australias Own Barista Macadamia Milk | 1L", "price": "$4.50", "unit_price": "$4.50 per 1L"},
{"product_name": "Yumi's Mini Roasted Capsicum & Cashew Dip 3 Pack | 195g", "price": "$4.50", "unit_price": "$2.31 per 100g"},
{"product_name": "Coles Kitchen Hoisin Pork Springroll | 200g", "price": "$6.50", "unit_price": "$3.25 per 100g"},
{"product_name": "Coles Kitchen Corn Fritters | 180g", "price": "$6.50", "unit_price": "$3.61 per 100g"},
{"product_name": "Coles Greek Feta PDO | 250g", "price": "$6.00", "unit_price": "$24.00 per 1kg"},
{"product_name": "Pace Farm Liberty Cage Free Eggs 12 Pack | 600g", "price": "$5.85", "unit_price": "$0.98 per 100g"},
{"product_name": "Pilpel Dip Garlic | 310g", "price": "$5.85", "unit_price": "$1.89 per 100g"},
{"product_name": "Castello Blue Cheese Mini 5 Pack | 95g", "price": "$5.50", "unit_price": "$57.89 per 1kg"},
{"product_name": "Oatly Organic Oat Milk | 1L", "price": "$5.50", "unit_price": "$5.50 per 1L"},
{"product_name": "Coles Chocolate Dairy Dessert 12 Pack | 1.2kg", "price": "$5.40", "unit_price": "$0.45 per 100g"},
{"product_name": "Black Swan Crafted Hommus And Garlic Dip | 170g", "price": "$4.60", "unit_price": "$2.71 per 100g"},
{"product_name": "Black Swan Crafted Crispy Bacon And Caramelised Onion Dip | 170g", "price": "$4.60", "unit_price": "$2.71 per 100g"},
{"product_name": "Moira Mac's Snackers Classic Mini Chicken Kebabs | 90g", "price": "$4.40", "unit_price": "$48.89 per 1kg"},
{"product_name": "Coles Pasta Sauce Tomato And Basil | 425g", "price": null, "unit_price": null},
{"product_name": "Wicked Sister Chocolate Cookie Sundae | 110g", "price": "$4.30", "unit_price": "$3.91 per 100g"},
{"product_name": "Coles Plain Fettucine | 300g", "price": "$4.20", "unit_price": "$1.40 per 100g"},
{"product_name": "Chobani Oat Milk Plain | 1L", "price": "$4.00", "unit_price": "$4.00 per 1L"},
{"product_name": "Obela Classic To Go Smooth Hommus | 125g", "price": "$4.00", "unit_price": "$3.20 per 100g"},
{"product_name": "Coles Kitchen Beef Madras And Rice | 350g", "price": null, "unit_price": null},
{"product_name": "Coles Kitchen Chicken & Bacon Pasta Bake | 350g", "price": "$8.00", "unit_price": "$2.29 per 100g"},
{"product_name": "Dari's Chicken & Corn Soup | 1.2kg", "price": "$7.95", "unit_price": "$0.66 per 100g"},
{"product_name": "Primo Thin Frankfurts | 1 kg", "price": "$7.90", "unit_price": "$7.90 per 1kg"},
{"product_name": "Coles Kitchen Spinach & Ricotta Agnolotti With Mediterranean Sauce | 350g", "price": null, "unit_price": null},
{"product_name": "Coles Kitchen Chicken Singapore Noodle | 350g", "price": null, "unit_price": null},
{"product_name": "Mainland Cheese Slices Gouda | 180g", "price": "$7.00", "unit_price": "$38.89 per 1kg"},
{"product_name": "Castello Herbs & Garlic In Oil Marinated Fetta | 265g", "price": "$7.00", "unit_price": "$26.42 per 1kg"},
{"product_name": "Coles Pepperoni | 200g", "price": "$6.90", "unit_price": "$34.50 per 1kg"},
{"product_name": "Herbert Adams Roasted Capsicum Spanish Onion Cheddar Quiche | 200g", "price": "$6.50", "unit_price": "$3.25 per 100g"},
{"product_name": "Babybel Mini Cheese Original Protein 5 Pack | 100g", "price": "$6.25", "unit_price": "$62.50 per 1kg"},
{"product_name": "South Cape Danish Style Reduced Fat Fetta | 200g", "price": "$5.85", "unit_price": "$29.25 per 1kg"},
{"product_name": "Yumi's Sweet Corn Fritters 6 Pack | 260g", "price": "$5.20", "unit_price": "$2.00 per 100g"},
{"product_name": "The Laughing Cow Cheese Lactose Free | 120g", "price": "$5.00", "unit_price": "$41.67 per 1kg"},
{"product_name": "The Organic Milk Company Salted Butter | 250g", "price": "$5.00", "unit_price": "$2.00 per 100g"},
{"product_name": "Coles Meals Thai Chicken Curry With Rice | 350g", "price": "$5.00", "unit_price": "$1.43 per 100g"},
{"product_name": "Norco Natural Dairy Cheese Slices 12 Pack | 250g", "price": "$7.90", "unit_price": "$31.60 per 1kg"},
{"product_name": "Mainland Epicure Cheese Block | 200g", "price": "$7.50", "unit_price": "$37.50 per 1kg"},
{"product_name": "Mainland Cheese Slices Swiss | 180g", "price": "$7.00", "unit_price": "$38.89 per 1kg"},
{"product_name": "Chris' Heritage Gluten Free Goat Cheese & Black Truffle Savoury Dip | 170g", "price": "$6.50", "unit_price": "$3.82 per 100g"},
{"product_name": "Primo Australian Made Middle Bacon | 200g", "price": "$6.00", "unit_price": "$30.00 per 1kg"},
{"product_name": "Rana Panfry Filled Gnocchi Spinach Mozzarella | 280g", "price": "$6.00", "unit_price": "$2.14 per 100g"},
{"product_name": "Latina Fresh Egg Fettuccine | 375g", "price": "$6.00", "unit_price": "$1.60 per 100g"},
{"product_name": "Coles Finest Filled Gnocchi Genovese Pesto | 350g", "price": "$6.00", "unit_price": "$1.71 per 100g"},
{"product_name": "Dairy Farmers Thick & Creamy Yoghurt Mango & Finger Lime | 550g", "price": "$5.50", "unit_price": "$1.00 per 100g"},
{"product_name": "Zanetti Grana Padano Grated PDO | 100g", "price": "$5.50", "unit_price": "$55.00 per 1kg"},
{"product_name": "Flora Spread With Butter | 450g", "price": "$5.40", "unit_price": "$1.20 per 100g"},
{"product_name": "Beijing Satay Tofu Pieces | 200g", "price": "$5.20", "unit_price": "$2.60 per 100g"},
{"product_name": "Red Rock Deli Dip Balsamic Beetroot Feta & Cashew | 135g", "price": "$5.00", "unit_price": "$3.70 per 100g"},
{"product_name": "Coles Chicken & Mayo Herb Mix | 220g", "price": "$5.00", "unit_price": "$22.73 per 1kg"},
{"product_name": "Bega Cream Cheese Block | 225g", "price": "$5.00", "unit_price": "$22.22 per 1kg"},
{"product_name": "Tipco Mangosteen Juice | 1L", "price": "$5.00", "unit_price": "$5.00 per 1L"},
{"product_name": "Jindi Dairy Cheese Camembert | 200g", "price": "$8.50", "unit_price": "$42.50 per 1kg"},
{"product_name": "Coles Kitchen Chicken Parmigiana | 350g", "price": "$8.50", "unit_price": "$2.43 per 100g"},
{"product_name": "National Beef Rolls 360g | 6 pack", "price": "$8.00", "unit_price": "$2.22 per 100g"},
{"product_name": "Rana Filled Tortellini Basil And Pine Nuts | 325g", "price": "$8.00", "unit_price": "$2.46 per 100g"},
{"product_name": "Coles Nature'S Kitchen Vegetable Tikka Masala And Pilau Rice | 350g", "price": null, "unit_price": null},
{"product_name": "Liddells Yoghurt Mango | 700g", "price": "$7.25", "unit_price": "$1.04 per 100g"},
{"product_name": "Bega Cheese Stringers Lactose Free 8 Pack | 160g", "price": "$7.00", "unit_price": "$43.75 per 1kg"},
{"product_name": "Aunty Kath's Cookie Dough M&M | 450g", "price": "$6.90", "unit_price": "$1.53 per 100g"},
{"product_name": "Coles Kitchen Cauliflower Cheese | 350g", "price": null, "unit_price": null},
{"product_name": "Coles Kitchen Zucchini & Pea Fritters | 180g", "price": "$6.50", "unit_price": "$3.61 per 100g"},
{"product_name": "Chris' Heritage Vintage Cheddar & Caramelised Onion Savoury Dip | 170g", "price": "$6.50", "unit_price": "$3.82 per 100g"},
{"product_name": "Rana Panfry Filled Gnocchi Cheese | 280g", "price": "$6.00", "unit_price": "$2.14 per 100g"},
{"product_name": "Nutty Bruce Organic Almond & Coconut Milk | 1L", "price": "$6.00", "unit_price": "$6.00 per 1L"},
{"product_name": "Nakula Natural Coconut Milk Yoghurt | 500g", "price": "$6.00", "unit_price": "$1.20 per 100g"},
{"product_name": "South Cape Danish Style Fetta | 200g", "price": "$5.85", "unit_price": "$29.25 per 1kg"},
{"product_name": "Obela Hommus Pistachio Lemon Dukkah | 220g", "price": "$5.50", "unit_price": "$2.50 per 100g"},
{"product_name": "Perfect Italiano Romano Block | 200g", "price": "$7.50", "unit_price": "$37.50 per 1kg"},
{"product_name": "Mornington Peninsula Free Range Eggs 12 Pack | 600g", "price": "$7.00", "unit_price": "$1.17 per 100g"},
{"product_name": "Mainland Munchables Tasty Cheese & Crackers 4 pack | 120g", "price": "$7.00", "unit_price": "$5.83 per 100g"},
{"product_name": "Pauls Farmhouse Gold Vanilla Custard | 800g", "price": "$6.90", "unit_price": "$0.86 per 100g"},
{"product_name": "Coles Finest Spanish Truffle Cheese | 140g", "price": "$6.65", "unit_price": "$47.50 per 1kg"},
{"product_name": "Devondale Moo Vanilla 6X200Ml | 6 pack", "price": "$6.60", "unit_price": "$5.50 per 1L"},
{"product_name": "Castello Creamy Havarti | 200g", "price": "$6.50", "unit_price": "$32.50 per 1kg"},
{"product_name": "Thomson's Deli Danish Salami | 200g", "price": "$6.00", "unit_price": "$30.00 per 1kg"},
{"product_name": "Nakula Coconut Yoghurt Vanilla | 500g", "price": "$6.00", "unit_price": "$1.20 per 100g"},
{"product_name": "Coles Dutch Maasdam | 260g", "price": "$6.00", "unit_price": "$23.08 per 1kg"},
{"product_name": "Thomson's Deli Pepperoni Salami | 200g", "price": "$6.00", "unit_price": "$30.00 per 1kg"},
{"product_name": "South Cape Reduced Fat Greek Style Fetta | 200g", "price": "$5.85", "unit_price": "$29.25 per 1kg"},
{"product_name": "Coles Greek Style Yoghurt | 750g", "price": "$5.50", "unit_price": "$0.73 per 100g"},
{"product_name": "Black Swan Dip Chunky Basil Pesto & Cashew | 150g", "price": "$5.00", "unit_price": "$3.33 per 100g"},
{"product_name": "Brancourts Protein Plus Cottage Cheese | 225g", "price": "$4.80", "unit_price": "$21.33 per 1kg"},
{"product_name": "Red Rock Deli Classics Caramelised French Onion | 190g", "price": "$4.80", "unit_price": "$2.53 per 100g"},
{"product_name": "Normandie Dairy Champagne Pate | 150g", "price": "$5.10", "unit_price": "$34.00 per 1kg"},
{"product_name": "The Organic Milk Co. Organic Shredded Cheddar | 250g", "price": "$5.00", "unit_price": "$20.00 per 1kg"},
{"product_name": "Provedore Pancetta Crumb | 100g", "price": "$5.00", "unit_price": "$50.00 per 1kg"},
{"product_name": "Coles Nature's Kitchen Tempeh | 300g", "price": "$5.00", "unit_price": "$1.67 per 100g"},
{"product_name": "Coles Raspberry Cheesecake 2 Pack | 180g", "price": "$4.90", "unit_price": "$2.72 per 100g"},
{"product_name": "Red Rock Deli Classics Mexican Style Salsa Guacamole | 190g", "price": "$4.80", "unit_price": "$2.53 per 100g"},
{"product_name": "Mersey Valley Little Entertainer Pickled Onion | 80g", "price": "$4.80", "unit_price": "$60.00 per 1kg"},
{"product_name": "Black Swan Warming Cheesy Garlic & Herb Dip | 180g", "price": "$4.60", "unit_price": "$2.56 per 100g"},
{"product_name": "Philadelphia Light Cream Cheese Block | 250g", "price": "$4.50", "unit_price": "$18.00 per 1kg"},
{"product_name": "So Good Extra Creamy Almond Milk | 1L", "price": "$4.50", "unit_price": "$4.50 per 1L"},
{"product_name": "Dari's Table Harissa Hummus Dip | 200g", "price": "$4.50", "unit_price": "$2.25 per 100g"},
{"product_name": "Mainland Lunch On The Go Fig Jam | 110g", "price": "$4.40", "unit_price": "$4.00 per 100g"},
{"product_name": "Mainland On The Go Cheese & Balsamic Beetroot Lunch Pack | 110g", "price": "$4.40", "unit_price": "$4.00 per 100g"},
{"product_name": "Coles Multipack Yoghurt | 900g", "price": "$4.30", "unit_price": "$0.48 per 100g"},
{"product_name": "Primo Cabanossi Jatz & Tasty Cheese | 50g", "price": "$4.25", "unit_price": "$8.50 per 100g"},
{"product_name": "Coles Pappardelle | 300g", "price": "$4.20", "unit_price": "$1.40 per 100g"},
{"product_name": "Coles Kitchen Plain Naan 2 | 350g", "price": "$3.90", "unit_price": "$1.11 per 100g"},
{"product_name": "Jindi Brie | 125g", "price": "$3.85", "unit_price": "$30.80 per 1kg"},
{"product_name": "Coles Finest Pate | 150g", "price": "$3.80", "unit_price": "$25.34 per 1kg"},
{"product_name": "Supreme Quality Foods Fresh Spring Onion Pancake 2Pack | 200g", "price": "$3.50", "unit_price": "$1.75 per 100g"},
{"product_name": "Yumi's Dip Mini French Onion Hommus 3 Pack | 195g", "price": "$3.50", "unit_price": "$1.79 per 100g"},
{"product_name": "The Cheesecake Shop Chocolate Mousse | 100g", "price": "$3.50", "unit_price": "$3.50 per 100g"},
{"product_name": "Arnott's Clix Crackers & Tasty Cheese | 31g", "price": "$3.20", "unit_price": "$10.32 per 100g"},
{"product_name": "Mainland Creamy Cheese Sharp Cheddar | 40g", "price": "$3.00", "unit_price": "$7.50 per 100g"},
{"product_name": "Coles Kitchen Singapore Egg Noodles | 300g", "price": "$3.00", "unit_price": "$1.00 per 100g"},
{"product_name": "Chobani Oat Yogurt Mango | 150g", "price": "$3.00", "unit_price": "$2.00 per 100g"},
{"product_name": "Yog'N Oats Apple & Cinnamon Yoghurt | 150g", "price": "$2.85", "unit_price": "$1.90 per 100g"},
{"product_name": "Notco Notmilk Original Plant Based Milk | 1L", "price": "$2.40", "unit_price": "$2.40 per 1L"},
{"product_name": "Aeroplane Ready To Eat Raspberry Jelly | 120g", "price": "$1.50", "unit_price": "$1.25 per 100g"},
{"product_name": "Hans Striker Mild Salami Sticks | 15g", "price": "$1.15", "unit_price": "$7.67 per 100g"},
{"product_name": "Farmers Union No Added Sugar Kids Yogurt Pouch Tropical | 130g", "price": "$1.10", "unit_price": "$0.85 per 100g"},
{"product_name": "Udder Delights Truffle Brie | approx 100g", "price": "$5.00", "unit_price": "$50.00 per 1kg"},
{"product_name": "Coles Finest Angus Beef Ravioli With Tomato Sugo | 400g", "price": null, "unit_price": null},
{"product_name": "25 Degrees South Victorian Three Cheese Ravioli | 325g", "price": "$9.00", "unit_price": "$2.77 per 100g"},
{"product_name": "Real Tasty Cheese Mild Salami & Crackers 3 Pack | 150g", "price": "$8.95", "unit_price": "$5.97 per 100g"},
{"product_name": "Udder Delights Double Cream Brie | 200g", "price": "$8.90", "unit_price": "$44.50 per 1kg"},
{"product_name": "Dineamic Braised Beef Mushroom & Veg | 360g", "price": "$8.75", "unit_price": "$2.43 per 100g"},
{"product_name": "Latina Fresh Gluten Free Ricotta & Spinach Agnolotti | 280g", "price": "$8.75", "unit_price": "$3.13 per 100g"},
{"product_name": "Bega Plant Based Cheese Shred | 200g", "price": "$8.50", "unit_price": "$4.25 per 100g"},
{"product_name": "Liddells Lactose Free Shredded Pizza Blend | 225g", "price": "$8.50", "unit_price": "$37.78 per 1kg"},
{"product_name": "National Pies Butter Chicken 2 pack | 360g", "price": "$8.00", "unit_price": "$2.22 per 100g"},
{"product_name": "Coles Kitchen Pepperoni Pasta Bake | 350g", "price": "$8.00", "unit_price": "$2.29 per 100g"},
{"product_name": "Rana Porcini Mushroom Ravioli | 325g", "price": "$8.00", "unit_price": "$2.46 per 100g"},
{"product_name": "Cremeux Truffle Brie | 180g", "price": "$7.50", "unit_price": "$41.67 per 1kg"},
{"product_name": "Castello Mellow Black | 150g", "price": "$7.50", "unit_price": "$50.00 per 1kg"},
{"product_name": "Coles Spreadable Dairy Blend | 750g", "price": "$7.30", "unit_price": "$0.97 per 100g"},
{"product_name": "Wildly Good Sweet Corn Spring Onion Fritter Bites | 210g", "price": "$7.00", "unit_price": "$3.33 per 100g"},
{"product_name": "Mainland Munchables Cheese & Rice Crackers 4 Pack | 96g", "price": "$7.00", "unit_price": "$7.29 per 100g"},
{"product_name": "Ipastai Linguine | 350g", "price": "$5.50", "unit_price": "$1.57 per 100g"},
{"product_name": "Sheese Tasty Grated | 200g", "price": "$5.50", "unit_price": "$27.50 per 1kg"},
{"product_name": "Rana Lasagne Sheets | 250g", "price": "$5.50", "unit_price": "$2.20 per 100g"},
{"product_name": "Coles Coconut Yoghurt Vanilla | 500g", "price": "$5.40", "unit_price": "$1.08 per 100g"},
{"product_name": "Senza Gluten Free Pizza Base | 220g", "price": "$5.30", "unit_price": "$2.41 per 100g"},
{"product_name": "Beijing Chilli Tofu Pieces | 200g", "price": "$5.20", "unit_price": "$2.60 per 100g"},
{"product_name": "Don Lunchbox Sticks | 140g", "price": "$5.00", "unit_price": "$35.71 per 1kg"},
{"product_name": "Coles Perform Build Bolognese Sauce | 300g", "price": "$5.00", "unit_price": "$1.67 per 100g"},
{"product_name": "Coles Perform Build Chicken Minestrone Soup | 450g", "price": "$5.00", "unit_price": "$1.11 per 100g"},
{"product_name": "Tipco Guava Juice | 1L", "price": "$5.00", "unit_price": "$5.00 per 1L"},
{"product_name": "Coles British Blue Stilton | 150g", "price": "$5.00", "unit_price": "$33.34 per 1kg"},
{"product_name": "Garlos Sausage Roll | 200g", "price": "$4.80", "unit_price": "$2.40 per 100g"},
{"product_name": "Garlos Curry Beef Pie | 200g", "price": "$4.80", "unit_price": "$2.40 per 100g"},
{"product_name": "Red Rock Deli Classics Sweet Chilli & Sour Cream | 190g", "price": "$4.80", "unit_price": "$2.53 per 100g"},
{"product_name": "Dairy Farmers Thick Vanilla Custard Carton | 1kg", "price": "$4.65", "unit_price": "$0.47 per 100g"},
{"product_name": "Hans Striker Mild Salami Sticks | 105g", "price": "$4.60", "unit_price": "$43.81 per 1kg"},
{"product_name": "Castello Danish Blue Extra Creamy | 100g", "price": "$5.80", "unit_price": "$58.00 per 1kg"},
{"product_name": "Bio Cheese Creamy Original Spreadable | 150g", "price": "$5.60", "unit_price": "$37.34 per 1kg"},
{"product_name": "Meredith Dairy Goats Cheese Chevre Dill | 80g", "price": "$5.50", "unit_price": "$68.75 per 1kg"},
{"product_name": "Provedore Chorizo Crumb | 100g", "price": "$5.00", "unit_price": "$50.00 per 1kg"},
{"product_name": "Mersey Valley Salt & Vinegar Cheddar | 80g", "price": "$4.80", "unit_price": "$60.00 per 1kg"},
{"product_name": "Brancourts Lactose Free Cottage Cheese | 225g", "price": "$4.80", "unit_price": "$21.33 per 1kg"},
{"product_name": "Black Swan Taste Of The World Mexico | 170g", "price": "$4.60", "unit_price": "$2.71 per 100g"},
{"product_name": "Island Berries Tasmania Panna Cotta With Raspberry Coulis | 145g", "price": "$4.50", "unit_price": "$3.10 per 100g"},
{"product_name": "Dari's Table Pine Nut Hummus Dip | 200g", "price": "$4.50", "unit_price": "$2.25 per 100g"},
{"product_name": "Unicorn Classic Double Brie | 125g", "price": "$4.00", "unit_price": "$32.00 per 1kg"},
{"product_name": "Pitango Soup Smoky Tomato Lentil | 350g", "price": "$3.75", "unit_price": "$1.07 per 100g"},
{"product_name": "Pitango Soup Potato & Leek | 350g", "price": "$3.75", "unit_price": "$1.07 per 100g"},
{"product_name": "Coles Barista Oat Milk | 1L", "price": "$3.50", "unit_price": "$3.50 per 1L"},
{"product_name": "Arnotts Shapes Original Cheese & Bacon With Tasty Cheese | 30g", "price": "$3.20", "unit_price": "$10.67 per 100g"},
{"product_name": "Mainland On The Go Cheese Lavosh & Caramelised Onion | 36g", "price": "$3.00", "unit_price": "$83.36 per 1kg"},
{"product_name": "Coles Kitchen Ultra Green Soup | 300g", "price": "$3.00", "unit_price": "$1.00 per 100g"},
{"product_name": "Primo Mild Pepperoni Twiggy Pizza Shapes & Tasty Cheese | 54g", "price": "$4.25", "unit_price": "$7.87 per 100g"},
{"product_name": "Coles Nature's Kitchen Cauliflower Pizza Base | 170g", "price": "$4.20", "unit_price": "$2.47 per 100g"},
{"product_name": "Moondarra Cheese Herb & Capsicum | 120g", "price": "$3.90", "unit_price": "$32.50 per 1kg"},
{"product_name": "Coles Sweet Chilli Cheese | 190g", "price": "$3.80", "unit_price": "$20.00 per 1kg"},
{"product_name": "Coles Cheese Spring Onion & Chive | 190g", "price": "$3.80", "unit_price": "$20.00 per 1kg"},
{"product_name": "Coles Nature's Kitchen Spiced Lentil & Kale Kofta | 240g", "price": "$3.75", "unit_price": "$1.56 per 100g"},
{"product_name": "Yumi's Mayo Dill Aioli | 200g", "price": "$3.70", "unit_price": "$1.85 per 100g"},
{"product_name": "Danone Yopro Perform Yoghurt Key Lime | 175g", "price": "$3.70", "unit_price": "$2.11 per 100g"},
{"product_name": "Real Mexican Feast Tasty Cheese Corn Chips Guacamole | 85g", "price": "$3.60", "unit_price": "$42.35 per 1kg"},
{"product_name": "Coles Nature's Kitchen Ginger & Chilli Tofu | 200g", "price": "$3.50", "unit_price": "$1.75 per 100g"},
{"product_name": "Wicked Sister High Protein Mango Pudding | 170g", "price": "$3.00", "unit_price": "$1.76 per 100g"},
{"product_name": "Coles Kitchen Ramen Noodles | 300g", "price": "$3.00", "unit_price": "$1.00 per 100g"},
{"product_name": "Australia's Own A2 Protein Full Cream Milk | 1L", "price": "$2.50", "unit_price": "$2.50 per 1L"},
{"product_name": "Fromager D' Affinois Excellence | approx200g", "price": "$18.40", "unit_price": "$92.00 per 1kg"},
{"product_name": "King Island Dairy Triple Cream Seal | approx 200g", "price": "$15.20", "unit_price": "$76.00 per 1kg"},
{"product_name": "Castello. White Cheese | approx140g", "price": "$7.70", "unit_price": "$55.00 per 1kg"},
{"product_name": "Aeroplane Ready To Eat Pineapple Jelly | 120g", "price": "$1.50", "unit_price": "$1.25 per 100g"},
{"product_name": "Aeroplane Ready To Eat Blackcurrant Jelly | 120g", "price": "$1.50", "unit_price": "$1.25 per 100g"},
{"product_name": "King Island Dairy Furneaux | approx 100g", "price": "$8.00", "unit_price": "$80.00 per 1kg"},
{"product_name": "Premier Selection Appleblossom Smoked Cheddar | approx 100g", "price": "$5.50", "unit_price": "$55.00 per 1kg"},
{"product_name": "Luv A Duck Peking Duck Pancake Kit | 560g", "price": "$15.00", "unit_price": "$2.68 per 100g"},
{"product_name": "Coles Finest Macaroni And Cheese | 700g", "price": null, "unit_price": null},
{"product_name": "Coles Kitchen Vegetable Lasagne | 1.2kg", "price": null, "unit_price": null},
{"product_name": "Coles Spinach And Ricotta Cannelloni | 1.2kg", "price": null, "unit_price": null},
{"product_name": "Keep It Cleaner Fermented Vegetable Vegan Kimchi | 400g", "price": "$12.00", "unit_price": "$3.00 per 100g"},
{"product_name": "Garlos Family Lean Beef Pie | 550g", "price": "$11.60", "unit_price": "$2.11 per 100g"},
{"product_name": "Wildly Good Burgers Original Veggie Value Pack | 480g", "price": "$10.00", "unit_price": "$2.08 per 100g"},
{"product_name": "Ready Chef Cheesy Mash | 800g", "price": "$10.00", "unit_price": "$1.25 per 100g"},
{"product_name": "Ready Chef Mac & Cheese | 800g", "price": "$10.00", "unit_price": "$1.25 per 100g"},
{"product_name": "Coles Eat Well Spinach Ricotta Agnolotti | 380g", "price": "$9.95", "unit_price": "$2.62 per 100g"},
{"product_name": "Coles Perform Build Naked Chicken Katsu | 410g", "price": "$9.95", "unit_price": "$2.43 per 100g"},
{"product_name": "Coles Finest Butter Chicken With Pilau Rice | 350g", "price": "$9.00", "unit_price": "$2.57 per 100g"},
{"product_name": "Herbert Adams Frittata Roasted Pumpkin Spinach & Feta | 700g", "price": "$17.90", "unit_price": "$2.56 per 100g"},
{"product_name": "Coles Kitchen Chicken & Mushroom Pie | 700g", "price": "$14.50", "unit_price": "$2.07 per 100g"},
{"product_name": "400 Gradi Fior Di Latte & Garlic Pizza | 400g", "price": "$12.00", "unit_price": "$3.00 per 100g"},
{"product_name": "Norco Natural Cheese Block | 500g", "price": "$12.00", "unit_price": "$24.00 per 1kg"},
{"product_name": "Yarra Valley Cheese Persian Fetta Dill & Chive | 350g", "price": "$11.40", "unit_price": "$32.57 per 1kg"},
{"product_name": "Jarlsberg Cheese Wedge | 230g", "price": "$10.50", "unit_price": "$45.65 per 1kg"},
{"product_name": "Ready Chef Savoury Rice | 800g", "price": "$10.00", "unit_price": "$1.25 per 100g"},
{"product_name": "Dari's Asian Chicken Soup | 600g", "price": "$9.95", "unit_price": "$1.66 per 100g"},
{"product_name": "Vegie Delights Plant Based Vegie Roast | 480g", "price": "$9.50", "unit_price": "$1.98 per 100g"},
{"product_name": "Coles Finest Creamy Butter Chicken | 400g", "price": null, "unit_price": null},
{"product_name": "Veef Plant Based Chicken Schnitzel | 240g", "price": "$8.50", "unit_price": "$3.54 per 100g"},
{"product_name": "Bio Cheese Grated Parmesano | 125g", "price": "$8.50", "unit_price": "$68.00 per 1kg"},
{"product_name": "Castello Double Cream Truffle Cheese | 150g", "price": "$8.50", "unit_price": "$56.67 per 1kg"},
{"product_name": "Get Plant'd Meat Free Roast Chicken | 300g", "price": "$8.00", "unit_price": "$2.67 per 100g"},
{"product_name": "Ipastai Basil Pesto Sauce | 180g", "price": "$7.50", "unit_price": "$4.17 per 100g"},
{"product_name": "Get Plant'd Meat-free Steak Slices | 100g", "price": "$7.50", "unit_price": "$7.50 per 100g"},
{"product_name": "Real Tasty Cheese Hungarian Salami & Rice Crackers 3 Pack | 150g", "price": "$8.95", "unit_price": "$59.67 per 1kg"},
{"product_name": "Udder Delights Camembert | 200g", "price": "$8.90", "unit_price": "$44.50 per 1kg"},
{"product_name": "Dineamic Malaysian Chicken Rice | 360g", "price": "$8.75", "unit_price": "$2.43 per 100g"},
{"product_name": "Veef Planted Based Crumbed Chicken Tenders | 210g", "price": "$8.50", "unit_price": "$4.05 per 100g"},
{"product_name": "Lurpak Slightly Salted Butter Pat | 400g", "price": "$8.00", "unit_price": "$2.00 per 100g"},
{"product_name": "Ashgrove Signature Smoked Red Leicester | 150g", "price": "$7.60", "unit_price": "$50.67 per 1kg"},
{"product_name": "Ashgrove Signature Red Leicester | 150g", "price": "$7.60", "unit_price": "$50.67 per 1kg"},
{"product_name": "Ipastai Carbonara Sauce | 300g", "price": "$7.50", "unit_price": "$2.50 per 100g"},
{"product_name": "Kido Daifuku Mochi Matcha Green Tea | 200g", "price": "$7.30", "unit_price": "$3.65 per 100g"},
{"product_name": "Kido Daifuku Mochi Melon | 200g", "price": "$7.30", "unit_price": "$3.65 per 100g"},
{"product_name": "Kido Daifuku Mochi Custard & Mango | 200g", "price": "$7.30", "unit_price": "$3.65 per 100g"},
{"product_name": "Lucky Chicken Free Range Eggs 12 pack | 600g", "price": "$7.20", "unit_price": "$1.20 per 100g"},
{"product_name": "Coles Kitchen Filled Pasta Agnolotti Spinach Ricotta | 630g", "price": "$7.00", "unit_price": "$1.11 per 100g"},
{"product_name": "Pitango Organic Soup Minestrone | 600g", "price": "$7.00", "unit_price": "$1.17 per 100g"},
{"product_name": "Provedore Prosciutto & Cheese Roll-Ups | 85g", "price": "$7.00", "unit_price": "$82.35 per 1kg"},
{"product_name": "Meadow Lea Original Margarine Spread | 1kg", "price": "$7.00", "unit_price": "$0.70 per 100g"},
{"product_name": "Supafry Solid Cooking Oil | 500g", "price": "$4.50", "unit_price": "$0.90 per 100g"},
{"product_name": "Mainland Garlic & Herb Spreadable Blend | 140g", "price": "$4.00", "unit_price": "$2.86 per 100g"},
{"product_name": "Jindi Camembert | 125g", "price": "$3.85", "unit_price": "$30.80 per 1kg"},
{"product_name": "Pitango Soup Chicken Vegetable | 350g", "price": "$3.75", "unit_price": "$1.07 per 100g"},
{"product_name": "Emma & Toms Oat Bite Cranberry Coconut | 40g", "price": "$3.00", "unit_price": "$7.50 per 100g"},
{"product_name": "Dirossi 400 Gradi Selection Mozzarella | 150g", "price": "$2.95", "unit_price": "$19.67 per 1kg"},
{"product_name": "Fancy Plants Vanilla Chia Pod | 150g", "price": "$2.70", "unit_price": "$1.80 per 100g"},
{"product_name": "Fancy Plants Chocolate Chia Pod | 150g", "price": "$2.70", "unit_price": "$1.80 per 100g"},
{"product_name": "Mingle Seasoning Satay | 30g", "price": "$1.95", "unit_price": "$6.50 per 100g"},
{"product_name": "Somerdale Champagne Cheddar | approx100g", "price": "$5.20", "unit_price": "$52.00 per 1kg"},
{"product_name": "Coles Finest British Oak Smoked Cheddar | approx 200g", "price": "$10.00", "unit_price": "$50.00 per 1kg"},
{"product_name": "Udder Delights Ash Brie | 200g", "price": "$10.50", "unit_price": "$52.50 per 1kg"},
{"product_name": "Kroon Goats Cheese Wedge | 200g", "price": "$10.00", "unit_price": "$50.00 per 1kg"},
{"product_name": "Saunders Malt Extract | 1kg", "price": "$10.00", "unit_price": "$1.00 per 100g"},
{"product_name": "Coles Eat Well Beef Massaman Curry With Rice | 350g", "price": "$9.95", "unit_price": "$2.84 per 100g"},
{"product_name": "Dari's Moroccan Harira Soup | 600g", "price": "$9.95", "unit_price": "$1.66 per 100g"},
{"product_name": "Coles Kitchen Filled Pasta Tortellini Mixed Veg | 630g", "price": "$7.00", "unit_price": "$1.11 per 100g"},
{"product_name": "Wildly Good Burgers Original Veggie | 220g", "price": "$6.50", "unit_price": "$2.95 per 100g"},
{"product_name": "Wildly Good  Burgers Beetroot Black Bean | 220g", "price": "$6.50", "unit_price": "$2.95 per 100g"},
{"product_name": "Wildly Good Burgers Smokey Cauliflower | 220g", "price": "$6.50", "unit_price": "$2.95 per 100g"},
{"product_name": "Ashgrove Natural Wood Cold Smoked Havarti Cheese Block | 140g", "price": "$6.50", "unit_price": "$46.43 per 1kg"},
{"product_name": "Garlos Spinach & Feta Roll | 180g", "price": "$5.60", "unit_price": "$3.11 per 100g"},
{"product_name": "Meggles Free Range Eggs Xlarge 12 Pack | 700g", "price": "$5.50", "unit_price": "$0.79 per 100g"},
{"product_name": "Riverina Dairy Fetta Basil Pesto | 200g", "price": "$5.30", "unit_price": "$26.50 per 1kg"},
{"product_name": "Myrtle Creek Cage Free Extra Large Eggs 12 Pack | 700g", "price": "$4.95", "unit_price": "$0.71 per 100g"},
{"product_name": "Easiyo Greek Style Yoghurt Manuka Honey | 230g", "price": "$4.90", "unit_price": "$2.13 per 100g"},
{"product_name": "Coles Double Chocolate Dessert 2 Pack | 150g", "price": "$4.90", "unit_price": "$3.27 per 100g"},
{"product_name": "Easiyo Yogurt Greek Style Blueberry | 230g", "price": "$4.90", "unit_price": "$2.13 per 100g"},
{"product_name": "Easiyo Natural Unsweetened Yoghurt | 140g", "price": "$4.90", "unit_price": "$3.50 per 100g"},
{"product_name": "Black Swan Crafted Dip Olive Fetta & Chilli | 170g", "price": "$4.60", "unit_price": "$2.71 per 100g"},
{"product_name": "Kenilworth Dairies Rich Chocolate Mousse | 170g", "price": "$3.80", "unit_price": "$2.24 per 100g"},
{"product_name": "Yumi's Mayo Aioli Pesto | 200g", "price": "$3.70", "unit_price": "$1.85 per 100g"},
{"product_name": "Coles Finest Australian Organic Washed Rind | approx 500g ", "price": "$39.00", "unit_price": "$78.00 per 1kg"},
{"product_name": "King Island Dairy Smoked Cheddar Stokes Point | approx 200g", "price": "$11.40", "unit_price": "$57.00 per 1kg"},
{"product_name": "Easiyo Black Yoghurt Maker | 1 each", "price": "$25.00", "unit_price": "$25.00 per 1ea"},
{"product_name": "Le Dauphin Double Creme Cheese | 200g", "price": "$24.00", "unit_price": "$120.00 per 1kg"},
{"product_name": "Bio-Dynamic Triple Cream Camembert | 280g", "price": "$14.50", "unit_price": "$51.79 per 1kg"},
{"product_name": "Emborg French Double Cream Le Fromager | 300g", "price": "$10.00", "unit_price": "$33.33 per 1kg"},
{"product_name": "Puregg Egg White Free Range | 500g", "price": "$9.80", "unit_price": "$1.96 per 100g"},
{"product_name": "Yogoletti Luxury Yogurt Dessert Strawberry Blush 2x150g | 300g", "price": "$7.50", "unit_price": "$2.50 per 100g"},
{"product_name": "Get Plant'd Meat Free Ham Slices | 100g", "price": "$7.50", "unit_price": "$7.50 per 100g"},
{"product_name": "Ipastai Tortellini Chicken Sundried Tomato | 300g", "price": "$7.50", "unit_price": "$2.50 per 100g"},
{"product_name": "Vegie Delights Plant Based Chicken Style Sausages | 300g", "price": "$7.50", "unit_price": "$2.50 per 100g"},
{"product_name": "Yumi's Chilli Lime Aioli | 200g", "price": "$3.70", "unit_price": "$1.85 per 100g"},
{"product_name": "Fancy Plants High Protein Pud Salted Caramel | 160g", "price": "$3.50", "unit_price": "$2.19 per 100g"},
{"product_name": "Fancy Plants High Protein Pud Chocolate | 160g", "price": "$3.50", "unit_price": "$2.19 per 100g"},
{"product_name": "Coles Kitchen Cranberry Vintage Cheese Water Crackers | 55g", "price": "$3.30", "unit_price": "$6.00 per 100g"},
{"product_name": "Hot-Kid Milk Drink | 245mL", "price": "$1.95", "unit_price": "$7.96 per 1L"},
{"product_name": "Coles Finest French Double Cream Brie | approx 100g", "price": "$7.00", "unit_price": "$70.00 per 1kg"},
{"product_name": "Dodoni Elco Feta Cheese | 1kg", "price": "$30.50", "unit_price": "$30.50 per 1kg"},
{"product_name": "Carwari Red Miso | 500g", "price": "$19.25", "unit_price": "$3.85 per 100g"},
{"product_name": "Moondarra Marinated Cheese | 430g", "price": "$12.00", "unit_price": "$27.91 per 1kg"},
{"product_name": "Coles Eat Well Chicken Biryani Veg And Yoghurt Sauce | 350g", "price": "$9.95", "unit_price": "$2.84 per 100g"},
{"product_name": "Emborg French Brie Portions | 240g", "price": "$8.50", "unit_price": "$35.42 per 1kg"},
{"product_name": "Happy Lams Beef Balls | 190g", "price": "$8.50", "unit_price": "$4.47 per 100g"},
{"product_name": "Lurpak Unsalted Butter | 400g", "price": "$8.00", "unit_price": "$2.00 per 100g"},
{"product_name": "Get Plant'd Meat Free Roast Char Siu Pork | 300g", "price": "$8.00", "unit_price": "$2.67 per 100g"},
{"product_name": "Castello Aged Havarti | 200g", "price": "$8.00", "unit_price": "$40.00 per 1kg"},
{"product_name": "Ashgrove Signature Vintage Eddington Cheddar | 150g", "price": "$7.60", "unit_price": "$50.67 per 1kg"},
{"product_name": "Yogoletti Luxury Yogurt Dessert Creamy Vanilla 2x150g | 300g", "price": "$7.50", "unit_price": "$2.50 per 100g"},
{"product_name": "Ipastai Bolognese Sauce | 300g", "price": "$7.50", "unit_price": "$2.50 per 100g"},
{"product_name": "Lemnos Roasted Garlic And Rosemary Haloumi | 180g", "price": "$7.00", "unit_price": "$38.89 per 1kg"},
{"product_name": "Deli-Licious Chicken Style | 100g", "price": "$6.90", "unit_price": "$69.00 per 1kg"},
{"product_name": "Wildly Good Pumpkin And Caramleised Onion | 220g", "price": "$6.50", "unit_price": "$2.95 per 100g"},
{"product_name": "Black Swan Dip Batched Hommus Chilli & Macadamia | 150g", "price": "$6.50", "unit_price": "$4.33 per 100g"},
{"product_name": "Snowdonia Red Storm | 150g", "price": "$6.50", "unit_price": "$43.34 per 1kg"},
{"product_name": "Cadbury Dairy Milk Caramello Chocolate Mousse 2x80g | 160g", "price": "$6.00", "unit_price": "$3.75 per 100g"},
{"product_name": "Castello Spanish Quince Paste | 125g", "price": "$6.00", "unit_price": "$48.00 per 1kg"},
{"product_name": "Nature's Kitchen Cheddar Slices | 200g", "price": "$6.00", "unit_price": "$30.00 per 1kg"},
{"product_name": "Westgold Unsalted Butter | 400g", "price": null, "unit_price": null},
{"product_name": "Yarra Valley Cheese Fresh Goats Cheese | 80g", "price": "$5.50", "unit_price": "$68.75 per 1kg"},
{"product_name": "Yumis Zucchini Veggie Fritter | 260g", "price": "$5.20", "unit_price": "$2.00 per 100g"},
{"product_name": "Get Plant'd Pepperoni Slices | 100g", "price": "$5.20", "unit_price": "$5.20 per 100g"},
{"product_name": "Red Rock Deli Dip Roasted Pumpkin Onion & Cashew | 135g", "price": "$5.00", "unit_price": "$3.70 per 100g"},
{"product_name": "Easiyo Greek Style Unsweetened Yoghurt | 170g", "price": "$4.90", "unit_price": "$2.88 per 100g"},
{"product_name": "Yarra Valley Cheese Camembert | 200g", "price": "$9.40", "unit_price": "$47.00 per 1kg"},
{"product_name": "Dodoni Goat Cheese | 200g", "price": "$8.60", "unit_price": "$43.00 per 1kg"},
{"product_name": "Veef Plant Based Beef Peices | 280g", "price": "$8.50", "unit_price": "$3.04 per 100g"},
{"product_name": "Bega Plant Based Cheese Slice | 200g", "price": "$8.50", "unit_price": "$42.50 per 1kg"},
{"product_name": "Tidbit Gorgonzola Dolce Dop | 200g", "price": "$8.50", "unit_price": "$42.50 per 1kg"},
{"product_name": "Get Plant'd Meat-Free Roast Duck | 300g", "price": "$8.00", "unit_price": "$2.67 per 100g"},
{"product_name": "Vegie Delights Plant Based Chorizo Vegie Sausages | 300g", "price": "$7.50", "unit_price": "$2.50 per 100g"},
{"product_name": "Vegie Delights Bacon Style Rashers | 145g", "price": "$7.50", "unit_price": "$5.17 per 100g"},
{"product_name": "Vegie Delights Plant Based Savoury Mince | 400g", "price": "$7.50", "unit_price": "$1.88 per 100g"},
{"product_name": "Kido Daifuku Mochi Chocolate | 200g", "price": "$7.30", "unit_price": "$3.65 per 100g"},
{"product_name": "Lemnos Haloumi Smoked Paprika | 180g", "price": "$7.00", "unit_price": "$38.89 per 1kg"},
{"product_name": "Pitango Free Range Chicken Sweet Corn & Noodle Soup | 600g", "price": "$7.00", "unit_price": "$1.17 per 100g"},
{"product_name": "Lemnos Dairy Organic Haloumi Cheese | 180g", "price": "$7.00", "unit_price": "$38.89 per 1kg"},
{"product_name": "Dari's Pea & Ham Soup | 550g", "price": "$6.85", "unit_price": "$1.25 per 100g"},
{"product_name": "Black Swan Dip Batched Brie Almond & Fig | 150g", "price": "$6.50", "unit_price": "$4.33 per 100g"},
{"product_name": "Castello Authentic Greek Feta | 150g", "price": "$5.80", "unit_price": "$38.67 per 1kg"},
{"product_name": "Normandie Dairy Cognac Pate | 150g", "price": "$5.10", "unit_price": "$34.00 per 1kg"},
{"product_name": "Coles Nature's Kitchen Curried Veggie Lentil Sausages | 250g", "price": "$5.00", "unit_price": "$2.00 per 100g"},
{"product_name": "Easiyo Strawberry Yoghurt | 230g", "price": "$4.90", "unit_price": "$2.13 per 100g"},
{"product_name": "Garlos Lean Beef Pie | 200g", "price": "$4.80", "unit_price": "$2.40 per 100g"},
{"product_name": "Coles Kitchen High Protein Pizza Base | 260g", "price": "$4.50", "unit_price": "$1.73 per 100g"},
{"product_name": "Aunt Betty's Creamy Rice Vanilla 100g | 4 pack", "price": "$4.50", "unit_price": "$1.13 per 100g"},
{"product_name": "Coles Creamy Cheese Pasta Sauce | 425g", "price": null, "unit_price": null},
{"product_name": "Unicorn Classic Triple Cream Brie | 125g", "price": "$4.00", "unit_price": "$32.00 per 1kg"},
{"product_name": "Fairy Cooking Margarine | 250g", "price": "$2.60", "unit_price": "$1.04 per 100g"},
{"product_name": "Australia's Own Cholesterol Lowering Milk | 1L", "price": "$2.20", "unit_price": "$2.20 per 1L"},
{"product_name": "King Island Dairy Half Moon Bay Double Brie | approx100g", "price": "$6.35", "unit_price": "$63.50 per 1kg"},
{"product_name": "Lemnos Haloumi | 600g", "price": "$16.00", "unit_price": "$26.67 per 1kg"},
{"product_name": "Ashgrove Taste of Tassie Cheese Selection | 250g", "price": "$12.75", "unit_price": "$51.00 per 1kg"},
{"product_name": "Mifroma Le Gruyere Aop | 150g", "price": "$10.00", "unit_price": "$66.67 per 1kg"},
{"product_name": "Dari's Indonesian Crab & Corn Soup | 600g", "price": "$9.95", "unit_price": "$1.66 per 100g"},
{"product_name": "Cadbury Dairy Milk Chocolate Pudding | 560g", "price": "$9.00", "unit_price": "$1.61 per 100g"},
{"product_name": "Aunty Kath's Limited Edition Cookie Dough | 450g", "price": "$6.90", "unit_price": "$1.53 per 100g"},
{"product_name": "Coles Mild Hungarian Salami | 200g", "price": "$6.90", "unit_price": "$34.50 per 1kg"},
{"product_name": "Ashgrove Three Peaks Tassie Trio Cheese | 140g", "price": "$6.50", "unit_price": "$46.43 per 1kg"},
{"product_name": "Lemnos Fetta Smooth Less Than 5g Fat | 200g", "price": "$6.50", "unit_price": "$32.50 per 1kg"},
{"product_name": "Black Swan Dip Batched Fetta Mint & Honey | 150g", "price": "$6.50", "unit_price": "$4.33 per 100g"},
{"product_name": "Black Swan Dip Batched Caramelised Onion Relish | 150g", "price": "$6.50", "unit_price": "$4.33 per 100g"},
{"product_name": "Chris' Heritage Smoked Gouda & Jalapeno | 170g", "price": "$6.50", "unit_price": "$3.82 per 100g"},
{"product_name": "The Riverina Dairy Haloumi Lactose Free | 180g", "price": "$6.30", "unit_price": "$35.00 per 1kg"},
{"product_name": "Riverina Dairy Fetta Smooth | 200g", "price": "$5.30", "unit_price": "$26.50 per 1kg"},
{"product_name": "Emborg French Brie Petit | 125g", "price": "$5.20", "unit_price": "$41.60 per 1kg"},
{"product_name": "Yumi's Thai Spiced Fritters 6 Pack | 260g", "price": "$5.20", "unit_price": "$2.00 per 100g"},
{"product_name": "Black Swan Dip Chunky Eggplant Fetta & Almond | 150g", "price": "$5.00", "unit_price": "$3.33 per 100g"},
{"product_name": "Black Swan Dip Chunky Sweet Potato & Cashews | 150g", "price": "$5.00", "unit_price": "$3.33 per 100g"},
{"product_name": "Coles Chicken & Mayo Caesar Mix | 220g", "price": "$5.00", "unit_price": "$22.73 per 1kg"},
{"product_name": "Provedore Salami Crumb | 100g", "price": "$5.00", "unit_price": "$50.00 per 1kg"},
{"product_name": "Tipco Shogun Juice | 1L", "price": "$5.00", "unit_price": "$5.00 per 1L"},
{"product_name": "Industry Cold Brew Coffee Can | 250mL", "price": "$4.90", "unit_price": "$19.60 per 1L"},
{"product_name": "Easiyo Greek Style Unsweetened Yoghurt | 170g", "price": "$4.90", "unit_price": "$2.88 per 100g"},
{"product_name": "Easiyo Vanilla Flavour Yoghurt | 230g", "price": "$4.90", "unit_price": "$2.13 per 100g"},
{"product_name": "Easiyo Greek Style Coconut Yoghurt | 240g", "price": "$4.90", "unit_price": "$2.04 per 100g"},
{"product_name": "Coles Gorgonzola Dolce | 200g", "price": "$4.55", "unit_price": "$22.75 per 1kg"},
{"product_name": "Vitasoy Soy Yogurt Vanilla | 450g", "price": "$4.50", "unit_price": "$1.00 per 100g"},
{"product_name": "Maggie Beer Quince & Champagne Paste | 100g", "price": "$4.50", "unit_price": "$45.00 per 1kg"},
{"product_name": "Unicorn Classic Camembert | 125g", "price": "$4.00", "unit_price": "$32.00 per 1kg"},
{"product_name": "Real Feast Pack Tasty Cheese Mild Salami & Crackers | 80g", "price": "$3.60", "unit_price": "$4.50 per 100g"},
{"product_name": "Coles Nature's Kitchen Southern Smoked Tofu | 200g", "price": "$3.50", "unit_price": "$1.75 per 100g"},
{"product_name": "Coles Kitchen Salsa Cheese Corn Chip | 55g", "price": "$3.30", "unit_price": "$6.00 per 100g"},
{"product_name": "Coles Cheese Bites Chorizo & Mini Preztels | 50g", "price": "$3.30", "unit_price": "$6.60 per 100g"},
{"product_name": "Coles Kitchen Cheese Olives & Crackers | 60g", "price": "$3.30", "unit_price": "$5.50 per 100g"},
{"product_name": "Emma & Toms Double Choc Oat Bite | 38g", "price": "$3.00", "unit_price": "$7.89 per 100g"},
{"product_name": "Dirossi 400 Gradi Selection Pizza Cheese | 150g", "price": "$2.95", "unit_price": "$19.67 per 1kg"},
{"product_name": "Coles Finest Australian Organic Double Cream Brie | approx 150g", "price": "$10.50", "unit_price": "$70.00 per 1kg"},
{"product_name": "Latina Vegetable Harvest Pasta Sauce | 425g", "price": "$7.50", "unit_price": "$1.76 per 100g"},
{"product_name": "Mersey Valley Salt & Vinegar Cheddar | 235g", "price": "$7.00", "unit_price": "$29.79 per 1kg"},
{"product_name": "Coles Kitchen Filled Pasta Tortellini Veal Bacon | 630g", "price": "$7.00", "unit_price": "$1.11 per 100g"},
{"product_name": "Pitango Soup Tomato Basil | 600g", "price": "$7.00", "unit_price": "$1.17 per 100g"},
{"product_name": "British Sausage Co Black Pudding | 200g", "price": "$7.00", "unit_price": "$35.00 per 1kg"},
{"product_name": "Lemnos Reduced Salt Haloumi | 180g", "price": "$7.00", "unit_price": "$38.89 per 1kg"},
{"product_name": "Dari's Chunky Minestrone Soup | 550g", "price": "$6.85", "unit_price": "$1.25 per 100g"},
{"product_name": "Riverina Dairy Haloumi Basil | 180g", "price": "$6.60", "unit_price": "$36.67 per 1kg"},
{"product_name": "Coles Finest Margherita Pizza | 350g", "price": "$6.50", "unit_price": "$1.86 per 100g"},
{"product_name": "Unicorn Selections Ash Brie | 125g", "price": "$6.50", "unit_price": "$52.00 per 1kg"},
{"product_name": "Primo Lunch Plate Leg Ham & Tomato Chutney | 110g", "price": "$6.50", "unit_price": "$5.91 per 100g"},
{"product_name": "Western Star Spreadable Blend Regular Salt Reduced | 375g", "price": "$6.00", "unit_price": "$1.60 per 100g"},
{"product_name": "Primo Australian Short Cut Bacon | 200g", "price": "$6.00", "unit_price": "$30.00 per 1kg"},
{"product_name": "Coles Finest Filled Pasta Pumpkin | 350g", "price": "$6.00", "unit_price": "$1.71 per 100g"},
{"product_name": "Beijing Sliced Garlic Tofu Pieces | 200g", "price": "$5.20", "unit_price": "$2.60 per 100g"},
{"product_name": "Nuttelex Kosher Spread Tub | 500g", "price": "$5.20", "unit_price": "$1.04 per 100g"},
{"product_name": "Oatly Oat Milk Vanilla | 1L", "price": "$5.00", "unit_price": "$5.00 per 1L"},
{"product_name": "Coles Perform Chicken Kale & Quinoa Soup | 400g", "price": "$5.00", "unit_price": "$1.25 per 100g"},
{"product_name": "Coles Natures Kitchen Smokey Potato Sausages | 250g", "price": "$5.00", "unit_price": "$2.00 per 100g"},
{"product_name": "Red Rock Deli Dip Classic Cheesy Spinach & Garlic Cob | 190g", "price": "$4.80", "unit_price": "$2.53 per 100g"},
{"product_name": "KCF Lime & Cracked Pepper Club Cheddar | 165g", "price": "$4.80", "unit_price": "$29.09 per 1kg"},
{"product_name": "Vitasoy Soy Yogurt Strawberry | 450g", "price": "$4.50", "unit_price": "$1.00 per 100g"},
{"product_name": "Fancy Plants Vanilla Rice Pud 2x110g | 220g", "price": "$4.40", "unit_price": "$2.00 per 100g"},
{"product_name": "Suncoast Gold Macadamia Unsweetened Long Life Milk 1L | 1L", "price": "$4.30", "unit_price": "$4.30 per 1L"},
{"product_name": "Primo Trios Mild Salami Pretzels & Tasty Cheese Cubes | 50g", "price": "$4.25", "unit_price": "$8.50 per 100g"},
{"product_name": "Wik Dripping | 500g", "price": "$4.20", "unit_price": "$0.84 per 100g"},
{"product_name": "Unicorn Classic Brie Chilli | 125g", "price": "$4.00", "unit_price": "$32.00 per 1kg"},
{"product_name": "Primo Mini Mix Ups Salami Cheese & Choc Chip Cookie | 35g", "price": "$3.75", "unit_price": "$10.71 per 100g"},
{"product_name": "Coles Unsalted Butter | 250g", "price": "$3.70", "unit_price": "$1.48 per 100g"},
{"product_name": "Don Mild Salami & Cheese Stix | 40g", "price": "$3.45", "unit_price": "$86.25 per 1kg"},
{"product_name": "Coles Tasty Cheese Slices Salami & Poppyseed Lavosh Crackers | 48g", "price": "$3.30", "unit_price": "$6.88 per 100g"},
{"product_name": "Coles Kitchen Cheese & Artisan Crackers | 40g", "price": "$2.30", "unit_price": "$5.75 per 100g"},
{"product_name": "Dodoni Greek Feta Cheese Lactose Free | 200g", "price": "$8.90", "unit_price": "$44.50 per 1kg"},
{"product_name": "Cibo Penne Tagliatelle Al Ragu | 300g", "price": "$8.90", "unit_price": "$2.97 per 100g"},
{"product_name": "Cucina Classica All Arrabiata Penne | 300g", "price": "$8.90", "unit_price": "$2.97 per 100g"},
{"product_name": "Dineamic Terriyaki Beef With Rice | 340g", "price": "$8.75", "unit_price": "$2.57 per 100g"},
{"product_name": "Somerdale IL Truffelino Cheddar Cheese With Truffle | 150g", "price": "$7.80", "unit_price": "$52.00 per 1kg"},
{"product_name": "Ipastai Raviolo Verde Spinach And Ricotta | 300g", "price": "$7.50", "unit_price": "$2.50 per 100g"},
{"product_name": "Cremeux Blue | 100g", "price": "$7.50", "unit_price": "$75.00 per 1kg"},
{"product_name": "Castello Double Cream Brie Chilli | 150g", "price": "$7.50", "unit_price": "$50.00 per 1kg"},
{"product_name": "The Organic Milk Co Organic Cheddar Cubes | 250g", "price": "$7.00", "unit_price": "$28.00 per 1kg"},
{"product_name": "Coles Kitchen Filled Pasta Ravioli Beef Tomato | 630g", "price": "$7.00", "unit_price": "$1.11 per 100g"},
{"product_name": "Cheer Plant Based Shredded Cheese | 200g", "price": "$7.00", "unit_price": "$3.50 per 100g"},
{"product_name": "Tidbit Spanish Goats Cheese | 150g", "price": "$7.00", "unit_price": "$46.67 per 1kg"},
{"product_name": "Pitango Free Range Soup Chicken & Vegetable | 600g", "price": "$7.00", "unit_price": "$1.17 per 100g"},
{"product_name": "Pitango Organic Soup Pumpkin & Ginger | 600g", "price": "$7.00", "unit_price": "$1.17 per 100g"},
{"product_name": "Deli-Licious Hungarian Style Salami | 100g", "price": "$6.90", "unit_price": "$69.00 per 1kg"},
{"product_name": "Deli-Licious Ham Style | 100g", "price": "$6.90", "unit_price": "$69.00 per 1kg"},
{"product_name": "Herbert Adams Wholemeal Quiche Sweet Potato Goats Cheese | 200g", "price": "$6.90", "unit_price": "$3.45 per 100g"},
{"product_name": "Ashgrove Tasmanian Smoked Cheddar The Hazards | 140g", "price": "$6.50", "unit_price": "$46.43 per 1kg"},
{"product_name": "Chris' Deli Dip Avocado Feta & Jalapeno | 170g", "price": "$6.50", "unit_price": "$3.82 per 100g"},
{"product_name": "The Organic Milk Co Organic Melt N Bake | 250g", "price": "$6.00", "unit_price": "$24.00 per 1kg"},
{"product_name": "Nature's Kitchen Cheddar Shred | 200g", "price": "$6.00", "unit_price": "$30.00 per 1kg"},
{"product_name": "Coles Dutch Edam | 230g", "price": "$6.00", "unit_price": "$26.09 per 1kg"},
{"product_name": "Seng Hork Mini Dark Brown Sugar Mantou | 550g", "price": "$5.60", "unit_price": "$1.02 per 100g"},
{"product_name": "Dairy Farmers Thick & Creamy Yoghurt Strawberry & Wattleseed | 550g", "price": "$5.50", "unit_price": "$1.00 per 100g"},
{"product_name": "Sheese Tasty Slices | 200g", "price": "$5.50", "unit_price": "$27.50 per 1kg"},
{"product_name": "Emborg French Camembert Petit | 125g", "price": "$5.20", "unit_price": "$41.60 per 1kg"},
{"product_name": "Normandie Pate Chicken Cointreau | 150g", "price": "$5.10", "unit_price": "$34.00 per 1kg"},
{"product_name": "Black Swan Dip Chunky Spicy Chargrilled Capsicum & Cashew | 150g", "price": "$5.00", "unit_price": "$3.33 per 100g"},
{"product_name": "Coles Perform Thai Chicken Noodle Soup | 400g", "price": "$5.00", "unit_price": "$1.25 per 100g"},
{"product_name": "Coles Perform Mexican Style Beef & Bean Soup | 400g", "price": "$5.00", "unit_price": "$1.25 per 100g"},
{"product_name": "Black Swan Crafted Sweet Chilli Jam Dip | 170g", "price": "$4.60", "unit_price": "$2.71 per 100g"},
{"product_name": "Delre Mini Chol | approx 180g", "price": "$6.84", "unit_price": "$38.00 per 1kg"},
{"product_name": "Herbert Adams Frittata Cheese Bacon Roasted Capsicum | 700g", "price": "$17.90", "unit_price": "$2.56 per 100g"},
{"product_name": "Herbert Adams Spinach Zucchini Feta & Pepita Wholemeal Quiche | 650g", "price": "$16.00", "unit_price": "$2.46 per 100g"},
{"product_name": "Herbert Adams Quiche Bacon Chedder Zucchini | 700g", "price": "$16.00", "unit_price": "$2.29 per 100g"},
{"product_name": "Jarlsberg Original Cheese Block | 500g", "price": "$14.50", "unit_price": "$29.00 per 1kg"},
{"product_name": "Coles Kitchen Rich Beef Pie | 700g", "price": "$14.50", "unit_price": "$2.07 per 100g"},
{"product_name": "Coles Finest Angus Beef Cottage Pie | 700g", "price": null, "unit_price": null},
{"product_name": "Coles Cottage Pie | 1.2kg", "price": "$12.50", "unit_price": "$1.04 per 100g"},
{"product_name": "Real Dairy Tasty Cheese & Crackers 10 Pack | 300g", "price": "$11.00", "unit_price": "$3.67 per 100g"},
{"product_name": "Coles Perform Lean Thai Green Chicken Curry | 400g", "price": "$9.95", "unit_price": "$2.49 per 100g"},
{"product_name": "Nuttelex Buttery | 1kg", "price": "$9.00", "unit_price": "$0.90 per 100g"},
{"product_name": "25 Degrees South Native Pumpkin Ricotta Ravioli | 325g", "price": "$9.00", "unit_price": "$2.77 per 100g"},
{"product_name": "Cucina Classica Rigatoni Bolognese | 320g", "price": "$8.90", "unit_price": "$2.78 per 100g"},
{"product_name": "Cheer Colby Cheese Slices | 250g", "price": "$8.00", "unit_price": "$32.00 per 1kg"},
{"product_name": "Dari's Creamy Pumpkin Soup | 1.2kg", "price": "$7.95", "unit_price": "$0.66 per 100g"},
{"product_name": "Mornington Peninsula Free Range 12 Pack | 700g", "price": "$7.70", "unit_price": "$1.10 per 100g"},
{"product_name": "Coles Nature's Kitchen Singapore Noodles | 350g", "price": "$7.50", "unit_price": "$2.14 per 100g"},
{"product_name": "Emborg French Camembert | 200g", "price": "$7.20", "unit_price": "$36.00 per 1kg"},
{"product_name": "Wildly Good Fritter Bites Cauliflower | 210g", "price": "$7.00", "unit_price": "$3.33 per 100g"},
{"product_name": "Mersey Valley Club Ploughman's Cheddar Cheese  | 235g", "price": "$7.00", "unit_price": "$29.79 per 1kg"},
{"product_name": "Provedore Mild Salami & Cheese Roll Ups | 95g", "price": "$7.00", "unit_price": "$73.68 per 1kg"},
{"product_name": "Ashgrove Tasmanian Vintage Cheddar Wineglass Bay | 140g", "price": "$6.50", "unit_price": "$46.43 per 1kg"},
{"product_name": "Coles Finest Ham Mushroom Olive Pizza | 360g", "price": "$6.50", "unit_price": "$1.81 per 100g"},
{"product_name": "Unicorn Selections Truffle Brie | 125g", "price": "$6.50", "unit_price": "$52.00 per 1kg"},
{"product_name": "Snowdonia Black Bomber | 150g", "price": "$6.50", "unit_price": "$43.34 per 1kg"},
{"product_name": "Mersey Valley Club Vintage Dairy Extra Tasty Cheddar Cheese | 180g", "price": "$6.20", "unit_price": "$34.45 per 1kg"},
{"product_name": "Mersey Valley Club Dairy Original Vintage Cheddar Cheese | 180g", "price": "$6.20", "unit_price": "$34.45 per 1kg"},
{"product_name": "Coles Nature's Kitchen Lentil Bolognese Ravioli | 350g", "price": "$6.20", "unit_price": "$1.77 per 100g"},
{"product_name": "Coles Gourmet Selection Paneer | 200g", "price": "$6.00", "unit_price": "$30.00 per 1kg"},
{"product_name": "Coles Perform Pasta Veg | 360g", "price": "$6.00", "unit_price": "$1.67 per 100g"},
{"product_name": "Yumi's Limited Edition Burger | 220g", "price": "$6.00", "unit_price": "$2.73 per 100g"},
{"product_name": "Coles Spanish Iberico | 150g", "price": "$6.00", "unit_price": "$40.00 per 1kg"},
{"product_name": "Farmers Union No Added Sugar Kids Yogurt Pouch Banana | 130g", "price": "$1.10", "unit_price": "$0.85 per 100g"},
{"product_name": "King Island Dairy Black Label Brie | approx100g", "price": "$7.30", "unit_price": "$73.00 per 1kg"},
{"product_name": "West Country Farmhouse Cheddar | approx100g", "price": "$5.00", "unit_price": "$50.00 per 1kg"},
{"product_name": "British Truffle Cheddar | approx 100g", "price": "$4.50", "unit_price": "$45.00 per 1kg"},
{"product_name": "Coles Deli Marinated Fetta Cheese | approx 100g", "price": "$2.45", "unit_price": "$24.50 per 1kg"},
{"product_name": "Coles Bolognese Bake | 1.8kg", "price": "$12.00", "unit_price": "$0.67 per 100g"},
{"product_name": "Youfoodz Chargrill Chicken Chipotle Mayo | 326g", "price": "$10.95", "unit_price": "$3.36 per 100g"},
{"product_name": "Coles Kitchen Broccoli Parmesan Quiche 2 Pack | 400g", "price": "$10.00", "unit_price": "$2.50 per 100g"},
{"product_name": "Coles Eat Well Thai Green Curry Brown Rice Broccoli | 360g", "price": "$9.95", "unit_price": "$2.76 per 100g"},
{"product_name": "Coles Eat Well Chicken Risotto Pumpkin Pesto Fetta | 345g", "price": "$9.95", "unit_price": "$2.88 per 100g"},
{"product_name": "Coles Eat Well BBQ Pulled Pork With Sweet Potato Broccoli | 340g", "price": "$9.95", "unit_price": "$2.93 per 100g"},
{"product_name": "Dari's Thai Prawn Soup | 600g", "price": "$9.95", "unit_price": "$1.66 per 100g"},
{"product_name": "Yarra Valley Cheese Double Brie | 200g", "price": "$9.40", "unit_price": "$47.00 per 1kg"},
{"product_name": "25 Degrees South Ravioli Baby Spinach & Fetta  | 325g", "price": "$9.00", "unit_price": "$2.77 per 100g"},
{"product_name": "Bio Cheese Pizza Shred | 200g", "price": "$9.00", "unit_price": "$45.00 per 1kg"},
{"product_name": "Cucina Classica Beef Lasagna | 350g", "price": "$8.90", "unit_price": "$2.54 per 100g"},
{"product_name": "Latina Gluten Free Lasagne Sheets | 280g", "price": "$8.75", "unit_price": "$3.13 per 100g"},
{"product_name": "Latina Gluten Free Beef Ravioli | 280g", "price": "$8.75", "unit_price": "$3.13 per 100g"},
{"product_name": "Don Hot Hungarian Salami | 200g", "price": "$8.50", "unit_price": "$42.50 per 1ea"},
{"product_name": "Bean Supreme Parsley Sage & Rosemary Sausages 6 Pack | 375g", "price": "$8.50", "unit_price": "$2.27 per 100g"},
{"product_name": "D'Argental Washed Rind Brie | approx150g", "price": "$8.44", "unit_price": "$56.25 per 1kg"},
{"product_name": "Coles Kitchen Chicken Leek Pie | 350g", "price": "$8.00", "unit_price": "$2.29 per 100g"},
{"product_name": "National Pie Chunky Beef 2 Pack | 360g", "price": "$8.00", "unit_price": "$2.22 per 100g"},
{"product_name": "Dari's Lentil Soup | 1.2kg", "price": "$7.95", "unit_price": "$0.66 per 100g"},
{"product_name": "Coles Natures Kitchen Vegetable Lasagne | 400g", "price": null, "unit_price": null},
{"product_name": "Mersey Valley Club Green Peppercorn Cheese | 235g", "price": "$7.00", "unit_price": "$29.79 per 1kg"},
{"product_name": "Coles Kitchen Vegetable Spring Rolls | 200g", "price": "$6.50", "unit_price": "$3.25 per 100g"},
{"product_name": "Primo Lunch Plate Mild Salami & Beetroot Relish | 110g", "price": "$6.50", "unit_price": "$5.91 per 100g"},
{"product_name": "Herbert Adams Quich Mushroom Onion Thyme | 200g", "price": "$6.50", "unit_price": "$3.25 per 100g"},
{"product_name": "Coles Kitchen Chicken Tikka Bites | 200g", "price": "$6.50", "unit_price": "$3.25 per 100g"},
{"product_name": "Coles Natures Kitchen Mushroom Agnolotti | 350g", "price": "$5.70", "unit_price": "$1.63 per 100g"},
{"product_name": "Obela Dip Hommus Garnished Basil Pesto | 220g", "price": "$5.50", "unit_price": "$2.50 per 100g"},
{"product_name": "Black Swan Warming Spinach & Cheese Dip | 180g", "price": "$4.60", "unit_price": "$2.56 per 100g"},
{"product_name": "Island Berries Tasmania Panna Cotta Salted Caramel Sauce | 145g", "price": "$4.50", "unit_price": "$3.10 per 100g"},
{"product_name": "Yumi's Choice Guacamole With Jalapeno And Spring Onion Dip | 150g", "price": "$4.50", "unit_price": "$3.00 per 100g"},
{"product_name": "Yumi's Choice Roasted Red Capsicum Pesto Dip | 150g", "price": "$4.50", "unit_price": "$3.00 per 100g"},
{"product_name": "Yumi's Mini Sweet Potato & Cashew Dip 3x65g | 195g", "price": "$4.50", "unit_price": "$2.31 per 100g"},
{"product_name": "Chris' Plant Based Dip Three Olive | 200g", "price": "$4.30", "unit_price": "$2.15 per 100g"},
{"product_name": "Chris' Plant Based Dip Guacamole | 200g", "price": "$4.30", "unit_price": "$2.15 per 100g"},
{"product_name": "Primo Stacker Leg Ham Cheese & Crackers | 50g", "price": "$4.25", "unit_price": "$8.50 per 100g"},
{"product_name": "Coles Parmesan Cheese | 125g", "price": "$4.00", "unit_price": "$3.20 per 100g"},
{"product_name": "Thomson's Deli Devon | 1kg", "price": "$4.00", "unit_price": "$4.00 per 1kg"},
{"product_name": "Primo Mini Mix Ups Ham Cheese & Choc Chip Cookie | 35g", "price": "$3.75", "unit_price": "$10.71 per 100g"},
{"product_name": "Primo Mini Mix Ups Chicken Cheese & Choc Chip Cookies | 35g", "price": "$3.75", "unit_price": "$10.71 per 100g"},
{"product_name": "Coles Tasty Cheese Slices Hungarian Salami & Watercrackers | 50g", "price": "$3.30", "unit_price": "$6.60 per 100g"},
{"product_name": "Coles Nature's Kitchen Minestrone Soup | 300g", "price": "$3.00", "unit_price": "$1.00 per 100g"},
{"product_name": "Coles Kitchen Pea & Ham Soup | 300g", "price": "$3.00", "unit_price": "$1.00 per 100g"},
{"product_name": "Coles TASTY CHEESE BITES & SOY CRISPS | 45g", "price": "$2.30", "unit_price": "$5.11 per 100g"},
{"product_name": "Coles Original Almond Milk | 1L", "price": "$2.00", "unit_price": "$2.00 per 1L"},
{"product_name": "King Island Dairy Netherby Cove Camembert | approx 100g", "price": "$7.60", "unit_price": "$76.00 per 1kg"},
{"product_name": "Snowdonia Red Storm Vintage Red Leicester Cheddar | approx 100g", "price": "$6.90", "unit_price": "$69.00 per 1kg"},
{"product_name": "Snowdonia Black Bomber Mature Cheddar | approx 100g", "price": "$6.90", "unit_price": "$69.00 per 1kg"},
{"product_name": "South Cape 4 Piece Cheese Selection Platter | 435g", "price": "$21.95", "unit_price": "$50.46 per 1kg"},
{"product_name": "Coles Finest Angus Beef Lasagne | 700g", "price": null, "unit_price": null},
{"product_name": "Cracker Barrel Extra Sharp Cheese Block | 500g", "price": "$13.80", "unit_price": "$27.60 per 1kg"},
{"product_name": "Coles Kitchen Quiche Pumpkin Fetta & Spinach | 700g", "price": "$13.50", "unit_price": "$1.93 per 100g"},
{"product_name": "Youfoodz Fueld Osso Buco | 480g", "price": "$11.95", "unit_price": "$2.49 per 100g"},
{"product_name": "Youfoodz Fueld Loaded Mexican Chicken | 420g", "price": "$11.95", "unit_price": "$2.85 per 100g"},
{"product_name": "Youfoodz Fueld Peri Peri Chicken With Spicy Mayo | 430g", "price": "$11.95", "unit_price": "$2.78 per 100g"},
{"product_name": "Youfoodz Regular Teriyaki Chicken And Fried Rice | 350g", "price": "$10.95", "unit_price": "$3.13 per 100g"},
{"product_name": "Rana Filled Pasta Pumpkin & Cheese Tortellini | 565g", "price": "$10.00", "unit_price": "$1.77 per 100g"},
{"product_name": "Coles Eat Well Fusilli Chicken Mediterranean Veg Sauce | 390g", "price": "$9.95", "unit_price": "$2.55 per 100g"},
{"product_name": "Coles Eat Well Beef Ragu Pumpkin Gnocchi | 340g", "price": "$9.95", "unit_price": "$2.93 per 100g"},
{"product_name": "Coles Perform Build BBQ Pulled Pork And Mash | 450g", "price": "$9.95", "unit_price": "$2.21 per 100g"},
{"product_name": "Bio Original Cheese Block | 200g", "price": "$7.00", "unit_price": "$35.00 per 1kg"},
{"product_name": "Chobani Oat Yogurt Vanilla | 500g", "price": "$6.50", "unit_price": "$1.30 per 100g"},
{"product_name": "Chris' Deli Dip Sundried Tomato Cashew & Feta | 170g", "price": "$6.50", "unit_price": "$3.82 per 100g"},
{"product_name": "Chris' Heritage Blue Cheese Fig & Pistachio Savoury Dip | 170g", "price": "$6.50", "unit_price": "$3.82 per 100g"},
{"product_name": "Pauls Zymil Vanilla Custard | 1kg", "price": "$6.40", "unit_price": "$0.64 per 100g"},
{"product_name": "Babybel Mini Cheese Swiss Style | 100g", "price": "$6.25", "unit_price": "$62.50 per 1kg"},
{"product_name": "La Casa Del Formaggio Original Bocconcini Cheese | 220g", "price": "$6.00", "unit_price": "$27.27 per 1kg"},
{"product_name": "Provedore Spanish Style Tapas | 90g", "price": "$6.00", "unit_price": "$66.67 per 1kg"},
{"product_name": "Yumis Classic Veggie Burger 2 pack | 220g", "price": "$6.00", "unit_price": "$2.73 per 100g"},
{"product_name": "Smoked Eggs 6 Pack | 350g", "price": "$5.95", "unit_price": "$1.70 per 100g"},
{"product_name": "Pilpel Dip Taramosalata | 310g", "price": "$5.85", "unit_price": "$1.89 per 100g"},
{"product_name": "Obela Dip Smashed Avocado | 200g", "price": "$5.80", "unit_price": "$2.90 per 100g"},
{"product_name": "Coles Finest Spanish Red Wine Cheese | 150g", "price": "$5.60", "unit_price": "$37.34 per 1kg"},
{"product_name": "Riverina Dairy Greek Style Fetta | 200g", "price": "$5.30", "unit_price": "$26.50 per 1kg"},
{"product_name": "Cocobella Coconut Yoghurt Blueberry | 500g", "price": "$5.00", "unit_price": "$1.00 per 100g"},
{"product_name": "Coles Kitchen Creamy Carbonara Sauce | 425g", "price": null, "unit_price": null},
{"product_name": "Coles Kitchen Beef Bolognese Sauce | 425g", "price": null, "unit_price": null},
{"product_name": "Mersey Valley Jalapeno Vintage Cheddar | 80g", "price": "$4.80", "unit_price": "$60.00 per 1kg"},
{"product_name": "Kenilworth Roast Garlic & Cracked Pepper Cheddar | 165g", "price": "$4.80", "unit_price": "$29.09 per 1kg"},
{"product_name": "Living Planet Goats Long Life Milk | 1L", "price": "$4.70", "unit_price": "$4.70 per 1L"},
{"product_name": "Island Berries Tasmania Panna Cotta With Mango Passionfruit Coulis | 145g", "price": "$4.50", "unit_price": "$3.10 per 100g"},
{"product_name": "Pilpel Hummous Dip | 200g", "price": "$4.50", "unit_price": "$2.25 per 100g"},
{"product_name": "Coles Nature's Kitchen Veggie Sauce | 425g", "price": null, "unit_price": null},
{"product_name": "Mainland Caramelised Onion Lunch Pack | 110g", "price": "$4.40", "unit_price": "$4.00 per 100g"},
{"product_name": "Chris' Plant Based Dip Hommus Roasted Garlic | 200g", "price": "$4.30", "unit_price": "$2.15 per 100g"},
{"product_name": "Chris's Plant Based Sweet Potato And Cashew Dip | 200g", "price": "$4.30", "unit_price": "$2.15 per 100g"},
{"product_name": "Primo Cheesy Kabana Cheddar Shapes & Tasy Cheese | 53g", "price": "$4.25", "unit_price": "$8.02 per 100g"},
{"product_name": "Primo Cabanossi Barbeque Shapes & Tasty Cheese | 50g", "price": "$4.25", "unit_price": "$8.50 per 100g"},
{"product_name": "Primo Duos Mild Twiggy Bites And Cheese | 50g", "price": "$4.25", "unit_price": "$8.50 per 100g"},
{"product_name": "Primo Stacker Danish Salami Cheese & Crackers | 45g", "price": "$4.25", "unit_price": "$9.44 per 100g"},
{"product_name": "Yarra Valley Cheese Salted Honey Cow | 80g", "price": "$4.10", "unit_price": "$51.25 per 1kg"},
{"product_name": "Obela Classic Tzatziki To Go Dip | 125g", "price": "$4.00", "unit_price": "$3.20 per 100g"},
{"product_name": "Udder Delights Brie | approx100g", "price": "$4.60", "unit_price": "$46.00 per 1kg"},
{"product_name": "Zanetti Pecorino Romano | 200g", "price": "$12.50", "unit_price": "$62.50 per 1kg"},
{"product_name": "Dodoni Saganaki | 200g", "price": "$12.00", "unit_price": "$60.00 per 1kg"},
{"product_name": "South Cape Dairy Cheese Fetta Marinated | 350g", "price": "$11.50", "unit_price": "$32.86 per 1kg"},
{"product_name": "Yarra Valley Cheese Marinated Persian Fetta | 350g", "price": "$11.40", "unit_price": "$32.57 per 1kg"},
{"product_name": "Youfoodz Regular Chicken Penne With Sundried Tomato Sauce | 316g", "price": "$10.95", "unit_price": "$3.47 per 100g"},
{"product_name": "Mainland Vintage Cheese Block | 400g", "price": "$10.00", "unit_price": "$25.00 per 1kg"},
{"product_name": "Coles Perform Build Braised Beef And Mash | 450g", "price": "$9.95", "unit_price": "$2.21 per 100g"},
{"product_name": "Coles Finest Mushroom Risotto | 400g", "price": null, "unit_price": null},
{"product_name": "Coles Finest Thai Red Chicken Curry | 400g", "price": null, "unit_price": null},
{"product_name": "Coles Finest Thai Green Chicken Curry With Coconut Rice | 350g", "price": "$9.00", "unit_price": "$2.57 per 100g"},
{"product_name": "Get Plant'd Bacon | 200g", "price": "$9.00", "unit_price": "$4.50 per 100g"},
{"product_name": "Bio Shredded Cheddar Cheese | 200g", "price": "$9.00", "unit_price": "$45.00 per 1kg"},
{"product_name": "South Cape Trilogy Summer Herbs Vintage Sun-Dried Tomato | 140g", "price": "$8.15", "unit_price": "$58.21 per 1kg"},
{"product_name": "Lemnos Haloumi Slices | 200g", "price": "$8.00", "unit_price": "$40.00 per 1kg"},
{"product_name": "Pauls Milky Max Chocolate Dairy Snack 12 pack | 1.2kg", "price": "$8.00", "unit_price": "$0.67 per 100g"},
{"product_name": "Dari's Classic Chicken Noodle Soup | 1.2kg", "price": "$7.95", "unit_price": "$0.66 per 100g"},
{"product_name": "Ipastai Tortellone Wagyu | 300g", "price": "$7.50", "unit_price": "$2.50 per 100g"},
{"product_name": "Mersey Valley Club Pickled Onion Cheddar Cheese | 235g", "price": "$7.00", "unit_price": "$29.79 per 1kg"},
{"product_name": "Dari's Classic Pumpkin Soup | 550g", "price": "$6.85", "unit_price": "$1.25 per 100g"},
{"product_name": "Dari's Creamy Pumpkin Soup | 550g", "price": "$6.85", "unit_price": "$1.25 per 100g"},
{"product_name": "Dodoni Halloumi | 225g", "price": "$6.75", "unit_price": "$30.00 per 1kg"},
{"product_name": "South Cape Spring Onion & Chive Cream Cheese | 200g", "price": "$6.50", "unit_price": "$32.50 per 1kg"},
{"product_name": "Flora Plant Based Thickened Cream 31% | 500mL", "price": "$6.50", "unit_price": "$1.30 per 100mL"},
{"product_name": "South Cape Wedge Cheese Edam | 180g", "price": "$6.50", "unit_price": "$36.11 per 1kg"},
{"product_name": "Coles Perform Pasta Chicken | 360g", "price": "$6.00", "unit_price": "$1.67 per 100g"},
{"product_name": "Primo Cafe Beef Mild Fajita | 140g", "price": "$6.00", "unit_price": "$42.86 per 1kg"},
{"product_name": "Coles Finest Angus Beef Ragu Ravioli | 350g", "price": "$6.00", "unit_price": "$1.71 per 100g"},
{"product_name": "Westgold Salted Butter | 400g", "price": null, "unit_price": null},
{"product_name": "Yenson's Firm Tofu | 550g", "price": "$5.80", "unit_price": "$1.05 per 100g"},
{"product_name": "Danone Ultimate Greek Yoghurt Limited Edition 4 pack | 460g", "price": "$5.75", "unit_price": "$1.25 per 100g"},
{"product_name": "Obela Beetroot And Hommus | 220g", "price": "$5.50", "unit_price": "$2.50 per 100g"},
{"product_name": "Impressed Oat Shake Strawberry | 500mL", "price": "$4.00", "unit_price": null},
{"product_name": "Wicked Sister Chocolate Mousse | 90g", "price": "$3.80", "unit_price": "$4.22 per 100g"},
{"product_name": "Stonefire Original Naan Bread | 250g", "price": "$3.40", "unit_price": "$1.36 per 100g"},
{"product_name": "Coles Kitchen Cheese Salami & Crackers | 60g", "price": "$3.30", "unit_price": "$5.50 per 100g"},
{"product_name": "Don Italian Style Shaved Salami | 160g", "price": "$3.20", "unit_price": "$20.00 per 1kg"},
{"product_name": "Coles Finest Italian Passata Sauced Pizza Base | 250g", "price": "$3.20", "unit_price": "$1.28 per 100g"},
{"product_name": "Coles Kitchen Beef Vegetable And Barley Soup | 300g", "price": "$3.00", "unit_price": "$1.00 per 100g"},
{"product_name": "Pureharvest Dairy Free Almond Long Life Milk | 1L", "price": "$2.60", "unit_price": "$2.60 per 1L"},
{"product_name": "Pauls Custard Vanilla Bean | 170g", "price": "$2.50", "unit_price": "$1.47 per 100g"},
{"product_name": "Coles Creamy Vanilla Dessert 2 Pack | 300g", "price": "$2.20", "unit_price": "$0.73 per 100g"},
{"product_name": "Jalna Lactose Free Yoghurt Strawberry | 170g", "price": "$2.20", "unit_price": "$1.29 per 100g"},
{"product_name": "Pauls Banana Pouch | 70g", "price": "$1.50", "unit_price": "$2.14 per 100g"},
{"product_name": "Thomson's Deli Devon | 100g", "price": "$1.30", "unit_price": "$13.00 per 1kg"},
{"product_name": "Bodalla Vintage Cheddar | approx 100g", "price": "$5.00", "unit_price": "$50.00 per 1kg"},
{"product_name": "Coles Finest 24 Month Aged Irish Cheddar | approx 100g", "price": "$4.00", "unit_price": "$40.00 per 1kg"},
{"product_name": "Delre Dutch Smoked Cheese | approx 250g", "price": "$9.00", "unit_price": "$36.00 per 1kg"},
{"product_name": "Primo Stackers Salami 3 Pack | 150g", "price": "$10.70", "unit_price": "$71.34 per 1kg"},
{"product_name": "Great Ocean Road Tasty Cheese Block | 500g", "price": "$10.60", "unit_price": "$21.20 per 1kg"},
{"product_name": "Great Ocean Road Colby Cheese Block | 500g", "price": "$10.60", "unit_price": "$21.20 per 1kg"},
{"product_name": "Jarlsberg Original Cheese Block | 250g", "price": "$10.50", "unit_price": "$42.00 per 1kg"},
{"product_name": "Coles Eat Well Chicken Stir Fry Sweet Soy Noodles Veg | 370g", "price": "$9.95", "unit_price": null},
{"product_name": "Thomson's Deli Sliced Turkey | 320g", "price": "$9.90", "unit_price": "$30.94 per 1kg"},
{"product_name": "Coles Finest Chicken And Pancetta Carbonara Linguine | 400g", "price": null, "unit_price": null},
{"product_name": "25 Degrees South Prosciutto & Ricotta Ravioli | 325g", "price": "$9.00", "unit_price": "$2.77 per 100g"},
{"product_name": "Lemnos Twin Packs Haloumi | 200g", "price": "$9.00", "unit_price": "$45.00 per 1kg"},
{"product_name": "Don Pepperoni Salami | 200g", "price": "$8.50", "unit_price": "$42.50 per 1kg"},
{"product_name": "Latina Vegetarian Pasta Filled Vegetarian Broc | 375g", "price": "$8.00", "unit_price": "$2.13 per 100g"},
{"product_name": "Coles Kitchen Sweet Chilli Chicken Noodles | 350g", "price": null, "unit_price": null},
{"product_name": "Cheer Vintage Cheese Slices | 250g", "price": "$8.00", "unit_price": "$32.00 per 1kg"},
{"product_name": "Coles Kitchen Mongolian Beef And Jasmine Rice | 350g", "price": null, "unit_price": null},
{"product_name": "Rana Four Cheese Ravioli | 325g", "price": "$8.00", "unit_price": "$2.46 per 100g"},
{"product_name": "Coles Nature's Kitchen Middle Eastern Style Veg & Quinoa | 350g", "price": "$7.50", "unit_price": "$2.14 per 100g"},
{"product_name": "Black Swan Crafted Dill & Mint Tzatziki Dip | 170g", "price": "$4.60", "unit_price": "$2.71 per 100g"},
{"product_name": "Siggi's Yoghurt Vanilla | 500g", "price": "$4.50", "unit_price": "$0.90 per 100g"},
{"product_name": "Philadelphia Lactose Free Block | 250g", "price": "$4.50", "unit_price": "$18.00 per 1kg"},
{"product_name": "Don Crafted Cuts Sopressa Salami Slices | 80g", "price": "$4.40", "unit_price": "$55.00 per 1kg"},
{"product_name": "Kingland Dairy Free Natural Greek Style Yoghurt | 500g", "price": "$4.40", "unit_price": "$0.88 per 100g"},
{"product_name": "Coles Danish Blue Cheese | 100g", "price": "$4.40", "unit_price": "$44.00 per 1kg"},
{"product_name": "Chris' Plant Based Dip French Onion | 200g", "price": "$4.30", "unit_price": "$2.15 per 100g"},
{"product_name": "Primo Stacker Chicken Cheese & Rice Crackers | 45g", "price": "$4.25", "unit_price": "$9.44 per 100g"},
{"product_name": "Primo Stackers Spicy Chorizo Cheese & Crackers | 50g", "price": "$4.25", "unit_price": "$85.00 per 1kg"},
{"product_name": "Hunt & Brew Peru Mocha Iced Coffee | 400mL", "price": "$3.95", "unit_price": "$9.88 per 1L"},
{"product_name": "Moondarra Cheese Honey Fig & Macadamia | 120g", "price": "$3.90", "unit_price": "$32.50 per 1kg"},
{"product_name": "Coles Kitchen Garlic Naan 2 | 360g", "price": "$3.90", "unit_price": "$1.08 per 100g"},
{"product_name": "Lemnos Crumbled Fetta Pouch | 120g", "price": "$3.85", "unit_price": "$32.08 per 1kg"},
{"product_name": "Pitango Soup Creamy Pumpkin Coconut | 350g", "price": "$3.75", "unit_price": "$1.07 per 100g"},
{"product_name": "YoPro Perform Yoghurt Banana | 175g", "price": "$3.70", "unit_price": "$2.11 per 100g"},
{"product_name": "La Famiglia Pane Di Casa Just For 2 | 190g", "price": "$3.30", "unit_price": "$1.74 per 100g"},
{"product_name": "Arnotts Jatz & Tasty Cheese | 33g", "price": "$3.20", "unit_price": "$9.70 per 100g"},
{"product_name": "Copha Vegetable Cooking Oil Solid | 250g", "price": "$3.00", "unit_price": "$1.20 per 100g"},
{"product_name": "Philadelphia Light Cream For Cooking | 240mL", "price": "$2.90", "unit_price": "$1.21 per 100mL"},
{"product_name": "Vitasoy Soy Yogurt Mango Passionfruit | 140g", "price": "$2.70", "unit_price": "$1.93 per 100g"},
{"product_name": "Ice Break Single Shot Espresso | 320mL", "price": "$2.65", "unit_price": "$8.28 per 1L"},
{"product_name": "Fantastic Singapore Noodles | 350g", "price": "$2.30", "unit_price": "$0.66 per 100g"},
{"product_name": "Jalna Lactose Free Yoghurt Vanilla | 170g", "price": "$2.20", "unit_price": "$1.29 per 100g"},
{"product_name": "Milklab Oat Milk | 250mL", "price": "$2.00", "unit_price": "$0.80 per 100mL"},
{"product_name": "Coles Kitchen Zucchini Slice | 700g", "price": "$13.50", "unit_price": "$1.93 per 100g"},
{"product_name": "Cheer Mozzarella Cheese Block | 500g", "price": "$10.90", "unit_price": "$21.80 per 1kg"},
{"product_name": "Coles Kitchen Quiche Lorraine 2 Pack | 400g", "price": "$10.00", "unit_price": "$2.50 per 100g"},
{"product_name": "Coles Eat Well Chicken Tikka Masala Jewelled Rice Broccoli | 365g", "price": "$9.95", "unit_price": "$2.73 per 100g"},
{"product_name": "Coles Finest Beef Ragu Fettucine | 400g", "price": "$9.50", "unit_price": "$2.38 per 100g"},
{"product_name": "King Island Dairy Phoques Cove Camembert Cheese | 200g", "price": "$8.90", "unit_price": "$44.50 per 1kg"},
{"product_name": "Jalna Lactose Free Sweet And Creamy | 1Kg", "price": "$8.80", "unit_price": "$0.88 per 100g"},
{"product_name": "Dineamic Meal Chicken & Chorizo Paella | 360g", "price": "$8.75", "unit_price": "$2.43 per 100g"},
{"product_name": "Garlos Chunky Steak Pie | 200g", "price": "$5.40", "unit_price": "$2.70 per 100g"},
{"product_name": "Australian Gold Dairy Cheese Brie | 115g", "price": "$4.95", "unit_price": "$43.04 per 1kg"},
{"product_name": "South Cape Little Entertainers Club Vintage Trilogy | 80g", "price": "$4.80", "unit_price": "$60.00 per 1kg"},
{"product_name": "Simply Better Plain Firm Tofu | 375g", "price": "$4.80", "unit_price": "$1.28 per 100g"},
{"product_name": "Almond Breeze Extra Creamy Almond Milk | 1L", "price": "$4.50", "unit_price": "$4.50 per 1L"},
{"product_name": "Yumi's Classic Dip Baba Ganoosh | 200g", "price": "$4.50", "unit_price": "$2.25 per 100g"},
{"product_name": "Red Rock Deli Dip Singles Caramelised French Onion 3X50G | 150g", "price": "$4.50", "unit_price": "$3.00 per 100g"},
{"product_name": "Pauls Gluten Free Low Fat Vanilla Custard | 600g", "price": "$4.30", "unit_price": "$0.72 per 100g"},
{"product_name": "Primo Cheese Kabana Cheese & Bacon Shapes & Tasty Cheese | 50g", "price": "$4.25", "unit_price": "$8.50 per 100g"},
{"product_name": "Primo Duos Cabanossi And Cheese | 50g", "price": "$4.25", "unit_price": "$8.50 per 100g"},
{"product_name": "Supreme Wonton Wrappers | 250g", "price": "$3.75", "unit_price": "$1.50 per 100g"},
{"product_name": "Coles Natures Kitchen Mixed Garden Vegetable Koftas | 240g", "price": "$3.75", "unit_price": "$1.56 per 100g"},
{"product_name": "Youfoodz Choc Brownie Bite | 40g", "price": "$3.00", "unit_price": "$7.50 per 100g"},
{"product_name": "Yog'N Oats Yogurt Blueberry & Coconut | 150g", "price": "$2.85", "unit_price": "$1.90 per 100g"},
{"product_name": "Vitasoy Almond Iced Chocolate | 330mL", "price": "$2.50", "unit_price": "$7.58 per 1L"},
{"product_name": "Coles Tasty Cheese Bites And Garlic Chilli Green Olives | 45g", "price": "$2.30", "unit_price": "$5.11 per 100g"},
{"product_name": "Coles Creamy Choc Dessert 2 Pack | 300g", "price": "$2.20", "unit_price": "$0.73 per 100g"},
{"product_name": "Coles Unsweetened Oat Milk | 1L", "price": "$2.00", "unit_price": "$2.00 per 1L"},
{"product_name": "King Island Dairy Surprise Bay Cheddar Cheese Block | approx200g", "price": "$10.80", "unit_price": "$54.00 per 1kg"},
{"product_name": "Brie Mon Pere | approx 100g", "price": "$5.00", "unit_price": "$50.00 per 1kg"},
{"product_name": "Coles Kitchen Quiche Lorraine | 700g", "price": "$13.50", "unit_price": "$1.93 per 100g"},
{"product_name": "Yallamundi Farm Organic Free Range Eggs 12 Pack | 700g", "price": "$12.50", "unit_price": "$1.79 per 100g"},
{"product_name": "Coyo Organic Coconut Yoghurt Vanilla Bean | 900g", "price": "$12.00", "unit_price": "$1.33 per 100g"},
{"product_name": "Youfoodz Fueld Honey Soy Chicken Noodles | 436g", "price": "$11.95", "unit_price": "$2.74 per 100g"},
{"product_name": "Coles Eat Well Butter Chicken With Brown Rice Spinach Peas | 350g", "price": "$9.95", "unit_price": "$2.84 per 100g"},
{"product_name": "Coles Eat Well Chicken Carbonara Spaghetti Bacon Parmesan | 360g", "price": "$9.95", "unit_price": "$2.76 per 100g"},
{"product_name": "King Island Dairy Stokes Point Smoked Cheddar Cheese | 170g", "price": "$8.75", "unit_price": "$51.47 per 1kg"},
{"product_name": "Don Mild Hungarian Salami | 200g", "price": "$8.50", "unit_price": "$42.50 per 1ea"},
{"product_name": "South Cape Club Cheddar Vintage | 140g", "price": "$8.15", "unit_price": "$58.21 per 1kg"},
{"product_name": "South Cape Club Cheddar Smoked | 140g", "price": "$8.15", "unit_price": "$58.21 per 1kg"},
{"product_name": "Lemnos Foods Dairy Cheese Paneer | 200g", "price": "$8.00", "unit_price": "$40.00 per 1kg"},
{"product_name": "Coles Kitchen Thai Red Vegetable Curry & Rice | 350g", "price": null, "unit_price": null},
{"product_name": "Australian Gold Dairy Cheese Camembert | 115g", "price": "$4.95", "unit_price": "$43.04 per 1kg"},
{"product_name": "Coles Kitchen Tear And Share Cheesy Garlic Bread | 350g", "price": "$4.80", "unit_price": "$1.37 per 100g"},
{"product_name": "Brancourts Classic Cottage Cheese | 250g", "price": "$4.80", "unit_price": "$19.20 per 1kg"},
{"product_name": "Kenilworth Sweet Chilli Sour Cream & Bell Peppers Club Cheddar Cheese | 165g", "price": "$4.80", "unit_price": "$29.09 per 1kg"},
{"product_name": "Soyco Tofu Hi-Protein Firm Block | 350g", "price": "$4.70", "unit_price": "$1.34 per 100g"},
{"product_name": "Black Swan Crafted Beetroot Tzatziki Dip | 170g", "price": "$4.60", "unit_price": "$2.71 per 100g"},
{"product_name": "Maggie Beer Quince Paste | 100g", "price": "$4.50", "unit_price": "$45.00 per 1kg"},
{"product_name": "Siggi's Natural Yoghurt | 500g", "price": "$4.50", "unit_price": "$0.90 per 100g"},
{"product_name": "Yumi's Choice Dip Rocket & Basil Pesto With Roasted Almonds | 150g", "price": "$4.50", "unit_price": "$3.00 per 100g"},
{"product_name": "Yumi's Rocket Pesto Hommus Dip | 200g", "price": "$4.50", "unit_price": "$2.25 per 100g"},
{"product_name": "York Foods Lard | 250g", "price": "$4.50", "unit_price": "$1.80 per 100g"},
{"product_name": "Fancy Plants Chocolate Silky Pot 2x95g | 190g", "price": "$4.40", "unit_price": "$2.32 per 100g"},
{"product_name": "Primo Trios Cheesy Kabana Pretzels & Tasty Cheese Cubes | 53g", "price": "$4.25", "unit_price": "$8.02 per 100g"},
{"product_name": "Hunt And Brew Chocolate Cocoa | 400mL", "price": "$3.95", "unit_price": "$9.88 per 1L"},
{"product_name": "Australia's Own Soy Milk Barista | 1L", "price": "$3.50", "unit_price": "$3.50 per 1L"},
{"product_name": "Lurpak Butter With Crushed Garlic | 125g", "price": "$3.50", "unit_price": "$2.80 per 100g"},
{"product_name": "Arnotts Jatz & Extra Tasty Cheese | 33g", "price": "$3.20", "unit_price": "$9.70 per 100g"},
{"product_name": "Youfoodz Cinnamon Blondie Bite | 40g", "price": "$3.00", "unit_price": "$7.50 per 100g"},
{"product_name": "Coles Kitchen Chicken Noodle Soup | 300g", "price": "$3.00", "unit_price": "$1.00 per 100g"},
{"product_name": "Yogo Custard Pouch Chocolate | 120g", "price": "$1.70", "unit_price": "$1.42 per 100g"},
{"product_name": "Aeroplane Ready To Eat Strawberry Jelly | 120g", "price": "$1.50", "unit_price": "$1.25 per 100g"},
{"product_name": "Cheer Cheese Slices Colby | 750g", "price": "$14.00", "unit_price": "$18.67 per 1kg"},
{"product_name": "Jalna Yoghurt Natural | 2kg", "price": "$14.00", "unit_price": "$0.70 per 100g"},
{"product_name": "400 Gradi \"Pizza 11\" Margherita\" | 400g", "price": "$12.00", "unit_price": "$3.00 per 100g"},
{"product_name": "Youfoodz Honey Mustard Chicken With Garlic Veg | 318g", "price": "$10.95", "unit_price": "$3.44 per 100g"},
{"product_name": "Youfoodz Slow Cooked BBQ Beef And Mash Meal | 326g", "price": "$10.95", "unit_price": "$3.36 per 100g"},
{"product_name": "Coles Perform Lean Cajun Chicken Quinoa | 350g", "price": "$9.95", "unit_price": "$2.84 per 100g"},
{"product_name": "Coles Perform Chicken Stroganoff | 420g", "price": "$9.95", "unit_price": "$2.37 per 100g"},
{"product_name": "Jalna Lactose Free Yoghurt Vanilla | 1Kg", "price": "$8.80", "unit_price": "$0.88 per 100g"},
{"product_name": "Dineamic Roast Chicken Veg & Moroccan Sauce | 360g", "price": "$8.75", "unit_price": "$2.43 per 100g"},
{"product_name": "South Cape Dairy Fetta Crumbed Cheese | 200g", "price": "$8.00", "unit_price": "$40.00 per 1kg"},
{"product_name": "National Pies Pie Steak & Caramelized Onion 2 Pack | 360g", "price": "$8.00", "unit_price": "$2.22 per 100g"},
{"product_name": "Cocobella Dairy Free Mango Coconut Yoghurt | 500g", "price": "$5.00", "unit_price": "$1.00 per 100g"},
{"product_name": "Coles Meals Indian Chicken Curry With Rice | 350g", "price": "$5.00", "unit_price": "$1.43 per 100g"},
{"product_name": "Coles Meals Macaroni Cheese Bake | 350g", "price": "$5.00", "unit_price": "$1.43 per 100g"},
{"product_name": "Coles Cholesterol Lowering Spread | 500g", "price": "$5.00", "unit_price": "$1.00 per 100g"},
{"product_name": "Castello Danish Blue Cheese | 100g", "price": "$4.80", "unit_price": "$48.00 per 1kg"},
{"product_name": "Tasmanian Heritage Little Entertainers Camembert | 80g", "price": "$4.80", "unit_price": "$60.00 per 1kg"},
{"product_name": "Coles Kitchen Pumpkin Gnocchi | 500g", "price": "$4.60", "unit_price": "$0.92 per 100g"},
{"product_name": "Moira Mac's Snackers Buffalo Mini Chicken Kebabs | 90g", "price": "$4.40", "unit_price": "$48.89 per 1kg"},
{"product_name": "Primo Stackers Mild Pepperoni & Jatz | 57g", "price": "$4.25", "unit_price": "$7.46 per 100g"},
{"product_name": "Stonefire Roasted Garlic Naan 2 pack | 250g", "price": "$3.90", "unit_price": "$1.56 per 100g"},
{"product_name": "The Cheesecake Shop Citron Cheesecake Cup | 100g", "price": "$3.50", "unit_price": "$3.50 per 100g"},
{"product_name": "Loco Dairy Free Thickened Creamy | 300mL", "price": "$3.50", "unit_price": "$1.17 per 100mL"},
{"product_name": "Vitasoy Oat Milky Pet | 1L", "price": "$3.10", "unit_price": "$3.10 per 1L"},
{"product_name": "Coles Kitchen Tomato Pizza Base | 300g", "price": "$3.00", "unit_price": "$1.00 per 100g"},
{"product_name": "Jalna Greek Yoghurt Lactose Free | 170g", "price": "$2.20", "unit_price": "$1.29 per 100g"},
{"product_name": "Thomson's Deli Shaved Leg Ham | 100g", "price": "$2.10", "unit_price": "$21.00 per 1kg"},
{"product_name": "Castello Creamy Blue Cheese | 300g", "price": "$14.50", "unit_price": "$48.33 per 1kg"},
{"product_name": "First Press Cold Drip 10 Shot Coffee | 500mL", "price": "$12.70", "unit_price": "$25.40 per 1L"},
{"product_name": "Latina Lasagne with Angus Beef & Vegetables | 800g", "price": "$12.50", "unit_price": "$1.56 per 100g"},
{"product_name": "Youfoodz Fueld Beef Ragout Fettuccine | 424g", "price": "$11.95", "unit_price": "$2.82 per 100g"},
{"product_name": "Cheer Cheese Slices Extra Tasty | 500g", "price": "$11.00", "unit_price": "$22.00 per 1kg"},
{"product_name": "Youfoodz Slow Cooked Lamb With Loaded Mash | 350g", "price": "$10.95", "unit_price": "$3.13 per 100g"},
{"product_name": "Provedore Italian Style Charcuterie | 150g", "price": "$10.00", "unit_price": "$66.67 per 1kg"},
{"product_name": "Kraft Grated Parmesan Cheese Cannister | 250g", "price": "$9.00", "unit_price": "$36.00 per 1kg"},
{"product_name": "Mornington Peninsula Free Range Eggs 12 Pack | 800g", "price": "$8.20", "unit_price": "$1.03 per 100g"},
{"product_name": "National Pie Beef Pepper 2 Pack | 360g", "price": "$8.00", "unit_price": "$2.22 per 100g"},
{"product_name": "Coles Kitchen Beef Ravioli & Mushroom Sauce | 350g", "price": null, "unit_price": null},
{"product_name": "Vegie Delights Plant Based Thick BBQ Sausages | 300g", "price": "$7.50", "unit_price": "$2.50 per 100g"},
{"product_name": "Coles Kitchen Seasonal Fruit Salad Mix | 350g", "price": null, "unit_price": null},
{"product_name": "Dari's Lentil Soup | 550g", "price": "$6.85", "unit_price": "$1.25 per 100g"},
{"product_name": "Coles Kitchen Loaded Hawaiian Pizza | 455g", "price": "$6.50", "unit_price": "$1.43 per 100g"},
{"product_name": "Coles Kitchen BBQ Meat Deluxe Pizza | 470g", "price": "$6.50", "unit_price": "$1.38 per 100g"},
{"product_name": "Moondarra Honey & Pistachio Cream Cheese | 120g", "price": "$3.90", "unit_price": "$32.50 per 1kg"},
{"product_name": "Sanitarium So Good Oat Milk Chocolate | 1L", "price": "$3.50", "unit_price": "$3.50 per 1L"},
{"product_name": "Dairy Farmers Thickened Cream | 300mL", "price": "$3.40", "unit_price": "$1.13 per 100mL"},
{"product_name": "Yog 'N' Oats Apple & Cinnamon | 180g", "price": "$3.35", "unit_price": "$1.86 per 100g"},
{"product_name": "Chobani Oat Yogurt Strawberry | 150g", "price": "$3.00", "unit_price": "$2.00 per 100g"},
{"product_name": "Coles Kitchen Chicken Laksa Soup | 300g", "price": "$3.00", "unit_price": "$1.00 per 100g"},
{"product_name": "Yog'N Oats Mango & Passionfruit Yoghurt | 150g", "price": "$2.85", "unit_price": "$1.90 per 100g"},
{"product_name": "Don Liverwurst Latvian | 100g", "price": "$2.60", "unit_price": "$26.00 per 1kg"},
{"product_name": "Pauls Chocolate Custard Pouch | 140g", "price": "$2.40", "unit_price": "$1.71 per 100g"},
{"product_name": "Coles Kitchen Pizza Dough Ball | 250g", "price": "$2.00", "unit_price": "$0.80 per 100g"},
{"product_name": "Farmers Union Yoghurt Peach 130g | 130g", "price": "$1.10", "unit_price": "$0.85 per 100g"},
{"product_name": "Riverina Dairy Haloumi | 900g", "price": "$21.00", "unit_price": "$23.33 per 1kg"},
{"product_name": "Youfoodz Fueld Portuguese Chicken & Rice | 430g", "price": "$11.95", "unit_price": "$2.78 per 100g"},
{"product_name": "Bega Cheese Slices Colby | 500g", "price": "$11.00", "unit_price": "$22.00 per 1kg"},
{"product_name": "Youfoodz Cranberry Chicken And Potato Bake | 350g", "price": "$10.95", "unit_price": "$3.13 per 100g"},
{"product_name": "Youfoodz Creamy Chicken Carbonara | 310g", "price": "$10.95", "unit_price": "$3.53 per 100g"},
{"product_name": "Youfoodz Clean Chicken With Sweet Potato & Broccoli | 300g", "price": "$10.95", "unit_price": "$3.65 per 100g"},
{"product_name": "Cheer Tasty Light Cheese Block | 500g", "price": "$10.90", "unit_price": "$21.80 per 1kg"},
{"product_name": "Bega Bar-B-Cubes Tasty Cheese | 500g", "price": "$10.50", "unit_price": "$21.00 per 1kg"},
{"product_name": "National Party Pies 12 pack | 720g", "price": "$9.70", "unit_price": "$1.35 per 100g"},
{"product_name": "Bega Easy Melt Colby Block | 500g", "price": "$9.50", "unit_price": "$19.00 per 1kg"},
{"product_name": "Dineamic Meal Chicken & Mushroom Risotto | 360g", "price": "$8.75", "unit_price": "$2.43 per 100g"},
{"product_name": "Jarlsberg Dairy Swiss Lite Cheese Slices | 150g", "price": "$8.50", "unit_price": "$56.67 per 1kg"},
{"product_name": "South Cape Club Cheddar Trilogy Roasted Onion & Chive Vintage Smoked | 140g", "price": "$8.15", "unit_price": "$58.21 per 1kg"},
{"product_name": "Coles Free Range Chicken Breast Carved Roast Lemon Pepper & Herb | 200g", "price": "$8.00", "unit_price": "$40.00 per 1kg"},
{"product_name": "Coles Free Range Chicken Breast Carved Roast | 200g", "price": "$8.00", "unit_price": "$40.00 per 1kg"},
{"product_name": "Coles Kitchen Pumpkin Risotto | 350g", "price": "$8.00", "unit_price": "$2.29 per 100g"},
{"product_name": "Nippy's Chocolate Flavoured Multipack Long Life Milk 375mL | 4 pack", "price": "$7.60", "unit_price": "$5.07 per 1L"},
{"product_name": "Cracker Barrel Special Reserve Cheese Block | 250g", "price": "$7.45", "unit_price": "$29.80 per 1kg"},
{"product_name": "Emborg French Brie | 200g", "price": "$7.20", "unit_price": "$36.00 per 1kg"},
{"product_name": "British Sausage Co. Smoked Streaky Bacon | 175g", "price": "$7.00", "unit_price": "$40.00 per 1ea"},
{"product_name": "Coles Pork Pancetta | 100g", "price": "$7.00", "unit_price": "$70.00 per 1kg"},
{"product_name": "Yumi's Mini Avocado Dip 3x65g | 195g", "price": "$4.50", "unit_price": "$2.31 per 100g"},
{"product_name": "Impressed Oat Shake Chocolate | 500mL", "price": "$4.00", "unit_price": null},
{"product_name": "Primo 25% Salt Reduced Mild Salami | 80g", "price": "$3.70", "unit_price": "$46.25 per 1kg"},
{"product_name": "Supreme Quality Foods Roti Mini | 125g", "price": "$3.50", "unit_price": "$2.80 per 100g"},
{"product_name": "Vitasoy Dairy Unsweetened Rice Milk | 1L", "price": "$3.30", "unit_price": "$3.30 per 1L"},
{"product_name": "Vitasoy Soy Yogurt Strawberry | 140g", "price": "$2.70", "unit_price": "$1.93 per 100g"},
{"product_name": "Vitasoy Almond Iced Coffee Double Espresso | 330mL", "price": "$2.50", "unit_price": "$7.58 per 1L"},
{"product_name": "Coles Tasty Cheese Bites & Mini Preztels | 40g", "price": "$2.30", "unit_price": "$5.75 per 100g"},
{"product_name": "Pauls Strawberry Custard | 70g", "price": "$1.50", "unit_price": "$2.14 per 100g"},
{"product_name": "Coles Vanilla Yoghurt | 150g", "price": "$1.20", "unit_price": "$0.80 per 100g"},
{"product_name": "Coles Perform Lean Vegetable Masala And Rice | 370g", "price": "$9.95", "unit_price": "$2.69 per 100g"},
{"product_name": "Coles Perform Chicken Penne Pasta | 450g", "price": "$9.95", "unit_price": "$2.21 per 100g"},
{"product_name": "Coles Perform Lemon & Herb Chicken | 435g", "price": "$9.95", "unit_price": "$2.29 per 100g"},
{"product_name": "Coles Perform Butter Chicken | 400g", "price": "$9.95", "unit_price": "$2.49 per 100g"},
{"product_name": "Latina Vegetarian Pasta Filled Vegetarian Cauli & Cheese | 375g", "price": "$8.00", "unit_price": "$2.13 per 100g"},
{"product_name": "Cheer Aussie Jack Cheese Slices | 250g", "price": "$8.00", "unit_price": "$32.00 per 1kg"},
{"product_name": "Coles Kitchen Chicken Korma And Rice | 350g", "price": "$8.00", "unit_price": "$2.29 per 100g"},
{"product_name": "National Pie Chicken Curried | 360g", "price": "$8.00", "unit_price": "$2.22 per 100g"},
{"product_name": "Lemnos Foods Dairy Cyprus Style Cheese Haloumi | 180g", "price": "$7.00", "unit_price": "$38.89 per 1kg"},
{"product_name": "Mainland On The Go Tasty Cheese & Crackers 4 Pack | 120g", "price": "$7.00", "unit_price": "$5.83 per 100g"},
{"product_name": "Aunty Kath's Chocolate Chip Cookie Dough | 450g", "price": "$6.90", "unit_price": "$1.53 per 100g"},
{"product_name": "Coles Mild Salami | 200g", "price": "$6.90", "unit_price": "$34.50 per 1kg"},
{"product_name": "Dari's Hearty Chicken Soup | 550g", "price": "$6.85", "unit_price": "$1.25 per 100g"},
{"product_name": "Coles Kitchen Scalloped Potato | 350g", "price": "$6.50", "unit_price": "$1.86 per 100g"},
{"product_name": "Montefiore Mascarpone | 250g", "price": "$6.50", "unit_price": "$26.00 per 1kg"},
{"product_name": "Latina Fresh Kids Cheese & Vegetable Mini Ravioli | 200g", "price": "$6.00", "unit_price": "$3.00 per 100g"},
{"product_name": "Primo Cafe Pork BBQ Tender Roast | 150g", "price": "$6.00", "unit_price": "$40.00 per 1kg"},
{"product_name": "Coles Dutch Gouda | 265g", "price": "$6.00", "unit_price": "$22.64 per 1kg"},
{"product_name": "South Cape Greek Style Fetta | 200g", "price": "$5.85", "unit_price": "$29.25 per 1kg"},
{"product_name": "Perfect Italiano Grated Cheese Perfect Melt | 250g", "price": "$5.80", "unit_price": "$23.20 per 1kg"},
{"product_name": "Pauls Bluey Kids UHT Chocolate Flavoured Milk 6x200mL | 6 pack", "price": "$5.80", "unit_price": "$0.48 per 100mL"},
{"product_name": "Royal International Tidbit Jamon Serrano | 80g", "price": "$5.80", "unit_price": "$72.50 per 1kg"},
{"product_name": "Primo Roast Pork Thinly Sliced | 80g", "price": "$3.70", "unit_price": "$46.25 per 1kg"},
{"product_name": "Don Chicken Breast | 160g", "price": "$3.20", "unit_price": "$20.00 per 1kg"},
{"product_name": "Arnott's Shapes Original Chicken Crimpy & Tasty Cheese | 32g", "price": "$3.20", "unit_price": "$10.00 per 100g"},
{"product_name": "Yogo Choc Chip | 150g", "price": "$2.60", "unit_price": "$1.73 per 100g"},
{"product_name": "Vitasoy Oat Cafe Latte | 330mL", "price": "$2.50", "unit_price": "$7.58 per 1L"},
{"product_name": "Siggi's Yoghurt Vanilla | 125g", "price": "$2.00", "unit_price": "$1.60 per 100g"},
{"product_name": "Coles Strawberry Flavoured Yoghurt | 150g", "price": "$1.20", "unit_price": "$0.80 per 100g"},
{"product_name": "Farmers Union No Added Sugar Kids Yogurt Pouch Vanilla | 130g", "price": "$1.10", "unit_price": "$0.85 per 100g"},
{"product_name": "Devondale Instant Full Cream Milk Powder | 1kg", "price": "$16.50", "unit_price": "$1.65 per 100g"},
{"product_name": "Tasmanian Heritage Camembert | 250g", "price": "$14.95", "unit_price": "$59.80 per 1kg"},
{"product_name": "Youfoodz Fueld Chipotle Fried Chicken | 400g", "price": "$11.95", "unit_price": "$2.99 per 100g"},
{"product_name": "Coles Perform Lean Peri Peri Chicken | 380g", "price": "$9.95", "unit_price": "$2.62 per 100g"},
{"product_name": "Coles Perform Chipotle Chicken Burrito Bowl | 400g", "price": "$9.95", "unit_price": "$2.49 per 100g"},
{"product_name": "Table Of Plenty Kefir Lactose Free | 1kg", "price": "$8.90", "unit_price": "$0.89 per 100g"},
{"product_name": "National Jumbo Sausage Roll 2Pk | 420g", "price": "$8.00", "unit_price": "$1.90 per 100g"},
{"product_name": "Coles Kitchen Cottage Pie | 350g", "price": "$8.00", "unit_price": "$2.29 per 100g"},
{"product_name": "Coles Kitchen BBQ Chicken & Rice | 350g", "price": null, "unit_price": null},
{"product_name": "Primo Cocktail Frankfurts | 1 kg", "price": "$7.90", "unit_price": "$7.90 per 1kg"},
{"product_name": "Coles Natures Kitchen Lentil Spaghetti Bolognese | 350g", "price": "$7.50", "unit_price": "$2.14 per 100g"},
{"product_name": "Coles Kitchen Chicken Tikka Masala With Rice | 350g", "price": "$7.50", "unit_price": "$2.14 per 100g"},
{"product_name": "Philadelphia Original Cream Cheese Spread | 350g", "price": "$7.00", "unit_price": "$20.00 per 1kg"},
{"product_name": "Dodoni Greek Feta Cheese | 150g", "price": "$7.00", "unit_price": "$46.67 per 1kg"},
{"product_name": "Coles Kitchen Pineapple Cubes | 350g", "price": null, "unit_price": null},
{"product_name": "Dari's Chicken Noodle Soup | 550g", "price": "$6.85", "unit_price": "$1.25 per 100g"},
{"product_name": "Devondale Moo Strawberry Flavoured Milk 200mL | 6 pack", "price": "$6.60", "unit_price": "$5.50 per 1L"},
{"product_name": "Liddells Cream Cheese | 250g", "price": "$6.30", "unit_price": "$25.20 per 1kg"},
{"product_name": "Yumi's Gluten Free Zucchini & Lentil Veggie Bites | 225g", "price": "$6.00", "unit_price": "$2.67 per 100g"},
{"product_name": "Danone The Ultimate Blueberry Yoghurt 4x115g | 4 pack", "price": "$5.75", "unit_price": "$1.25 per 100g"},
{"product_name": "Dairy Farmers Thick & Creamy Yoghurt Cherry & Blood Plum | 550g", "price": "$5.50", "unit_price": "$1.00 per 100g"},
{"product_name": "Dairy Farmers Thick & Creamy Yoghurt Pineapple & Bundaberg Passionfruit | 550g", "price": "$5.50", "unit_price": "$1.00 per 100g"},
{"product_name": "Obela Caramelised Onion Hommus  | 220g", "price": "$5.50", "unit_price": "$2.50 per 100g"},
{"product_name": "Coles Kids Yoghurt 12 pack  | 1140g", "price": "$5.40", "unit_price": "$0.47 per 100g"},
{"product_name": "Coles Kitchen Macaroni Cheese | 350g", "price": "$8.00", "unit_price": "$2.29 per 100g"},
{"product_name": "Supreme Plain Roti 4 pack | 500g", "price": "$7.60", "unit_price": "$1.52 per 100g"},
{"product_name": "The Organic Milk Co Organic Cheddar Block | 400g", "price": "$7.50", "unit_price": "$18.75 per 1kg"},
{"product_name": "Provedore Free Range Chorizo | 200g", "price": "$7.50", "unit_price": "$37.50 per 1kg"},
{"product_name": "Cracker Barrel Extra Sharp Cheese Block | 250g", "price": "$7.45", "unit_price": "$29.80 per 1kg"},
{"product_name": "La Famiglia Stone Baked Garlic Ciabatta | 330g", "price": "$7.00", "unit_price": "$2.12 per 100g"},
{"product_name": "Dari's Hearty Vegetable Soup | 550g", "price": "$6.85", "unit_price": "$1.25 per 100g"},
{"product_name": "The Organic Milk Co Organic Mozzarella Shred | 250g", "price": "$6.00", "unit_price": "$24.00 per 1kg"},
{"product_name": "Coles Finest Filled Gnocchi Mozz Parmi Reggi & Ricotta | 350g", "price": "$6.00", "unit_price": "$1.71 per 100g"},
{"product_name": "Coles Australian Made Thin Sliced Streaky Bacon | 200g", "price": "$6.00", "unit_price": "$30.00 per 1kg"},
{"product_name": "Mainland Organic Salted Butter | 250g", "price": "$6.00", "unit_price": "$2.40 per 100g"},
{"product_name": "Pilpel Gluten Free Hummous Dip | 350g", "price": "$5.85", "unit_price": "$1.67 per 100g"},
{"product_name": "Bega Cream Cheese Spreadable Tub | 225g", "price": "$5.00", "unit_price": "$22.22 per 1kg"},
{"product_name": "Coles Organic Unsalted Butter | 250g", "price": "$4.85", "unit_price": "$1.94 per 100g"},
{"product_name": "Yumi's Tuna Pate | 200g", "price": "$4.65", "unit_price": "$2.33 per 100g"},
{"product_name": "Yenson's Fresh Tofu | 550g", "price": "$4.50", "unit_price": "$0.82 per 100g"},
{"product_name": "Australias Own Barista Oat Milk | 1L", "price": "$4.50", "unit_price": "$4.50 per 1L"},
{"product_name": "Sanitarium Up & Go Choc Energize | 500mL", "price": "$4.40", "unit_price": "$8.80 per 1L"},
{"product_name": "Coles Lasagne Sheets Pasta | 375g", "price": "$4.00", "unit_price": "$1.07 per 100g"},
{"product_name": "La Casa Del Formagio Cheese Mozzarella Bag | 125g", "price": "$3.00", "unit_price": "$24.00 per 1kg"},
{"product_name": "Australia's Own Organic Oat Milk | 1L", "price": "$2.80", "unit_price": "$2.80 per 1L"},
{"product_name": "TLY Silken Tofu | 300g", "price": "$2.70", "unit_price": "$0.90 per 100g"},
{"product_name": "Ice Break Double Shot Espresso | 320mL", "price": "$2.65", "unit_price": "$8.28 per 1L"},
{"product_name": "Annie's Orchard Unsweetened Oat Milk | 1L", "price": "$2.60", "unit_price": "$2.60 per 1L"},
{"product_name": "TLY Joyce Firm Tofu | 300g", "price": "$2.50", "unit_price": "$0.83 per 100g"},
{"product_name": "Jalna Pouch Of Purity Organic Yoghurt Tropical | 100g", "price": "$1.95", "unit_price": "$1.95 per 100g"},
{"product_name": "Primo Middle Bacon | 750g", "price": "$15.50", "unit_price": "$20.67 per 1kg"},
{"product_name": "Devondale 3 Shredded Cheese Blend | 750g", "price": "$13.50", "unit_price": "$18.00 per 1kg"},
{"product_name": "Coyo Organic Coconut Yoghurt Natural | 900g", "price": "$12.00", "unit_price": "$1.33 per 100g"},
{"product_name": "Great Ocean Road Extra Tasty Cheese Block | 500g", "price": "$10.60", "unit_price": "$21.20 per 1kg"},
{"product_name": "Mainland Tasty Cheese Block | 500g", "price": "$10.00", "unit_price": "$20.00 per 1kg"},
{"product_name": "Hans American Hot Dog Franks | 375g", "price": "$4.90", "unit_price": "$13.07 per 1kg"},
{"product_name": "Bubble Milk Tea Original With Tapioca Pearls | 350mL", "price": "$4.50", "unit_price": "$12.86 per 1L"},
{"product_name": "Primo Stacker Mild Salami Cheese & Crackers | 50g", "price": "$4.25", "unit_price": "$8.50 per 100g"},
{"product_name": "Thomson's Deli Ham And Chicken Luncheon | 1kg", "price": "$4.00", "unit_price": "$4.00 per 1kg"},
{"product_name": "Yoplait Le Rice Classic Vanilla Dessert 2x150g | 2 pack", "price": "$3.75", "unit_price": "$1.25 per 100g"},
{"product_name": "Primo Mortadella Slices | 100g", "price": "$3.70", "unit_price": "$37.00 per 1kg"},
{"product_name": "Don Shaved Turkey | 160g", "price": "$3.20", "unit_price": "$20.00 per 1kg"},
{"product_name": "Vitasoy Oat Yogurt Vanilla | 140g", "price": "$3.00", "unit_price": "$2.14 per 100g"},
{"product_name": "Australia's Own Oat No Added Sugar Milk | 1L", "price": "$3.00", "unit_price": "$3.00 per 1L"},
{"product_name": "Coles Hokkien Noodles | 600g", "price": "$3.00", "unit_price": "$0.50 per 100g"},
{"product_name": "Mainland Tasty Cheddar & Rosemary & Rock Salt Lavosh Crackers | 36g", "price": "$3.00", "unit_price": "$8.11 per 100g"},
{"product_name": "Philadelphia Sweet Chilli Pourover | 150g", "price": "$3.00", "unit_price": "$20.00 per 1kg"},
{"product_name": "Chobani Fit Salted Caramel Yogurt Pouch | 140g", "price": "$2.80", "unit_price": "$2.00 per 100g"},
{"product_name": "Chobani No Sugar Added Yogurt Mango Passionfruit | 150g", "price": "$2.15", "unit_price": "$1.43 per 100g"},
{"product_name": "Pureharvest Organic Long Life Oat Milk | 1L", "price": "$2.10", "unit_price": "$2.10 per 1L"},
{"product_name": "Farmers Union No Added Sugar Kids Yogurt Pouch Blueberry | 130g", "price": "$1.10", "unit_price": "$0.85 per 100g"},
{"product_name": "Coles Dairy Tasty Light Cheese Block | 1kg", "price": "$13.90", "unit_price": "$13.90 per 1kg"},
{"product_name": "Devondale Tasty Shredded Cheese | 750g", "price": "$13.50", "unit_price": "$18.00 per 1kg"},
{"product_name": "Latina Agnolotti Sweet Potato & Parmesan Filled Pasta | 625g", "price": "$11.00", "unit_price": "$1.76 per 100g"},
{"product_name": "Coles Perform Beef Ragu Bolognese | 400g", "price": "$9.95", "unit_price": "$2.49 per 100g"},
{"product_name": "Flora Margarine Spread Buttery | 1kg", "price": "$8.95", "unit_price": "$0.90 per 100g"},
{"product_name": "Latina Dy Pasta Sauce Creamy Carbonara | 700g", "price": null, "unit_price": null},
{"product_name": "YoGo Choc Rock 12 pack | 100g", "price": "$8.00", "unit_price": "$0.67 per 100g"},
{"product_name": "National Pie Beef & Cheese | 360g", "price": "$8.00", "unit_price": "$2.22 per 100g"},
{"product_name": "Pauls Vanilla Custard 6x150g | 6 pack", "price": "$7.90", "unit_price": "$8.78 per 100g"},
{"product_name": "Bega Lactose Free Grated Cheese | 250g", "price": "$7.50", "unit_price": "$30.00 per 1kg"},
{"product_name": "Coles Kitchen Lamb Rogan Josh & Rice | 350g", "price": "$7.50", "unit_price": "$2.14 per 100g"},
{"product_name": "Riverina Haloumi | 180g", "price": "$6.60", "unit_price": "$36.67 per 1kg"},
{"product_name": "South Cape Wedge Cheese Gouda | 180g", "price": "$6.50", "unit_price": "$36.11 per 1kg"},
{"product_name": "Coles Vintage Cheese Block | 250g", "price": "$6.00", "unit_price": "$24.00 per 1kg"},
{"product_name": "Coles Dairy Extra Tasty Cheese Block | 250g", "price": "$6.00", "unit_price": "$24.00 per 1kg"},
{"product_name": "Tamar Valley The Creamery Peaches & Cream | 700g", "price": "$6.00", "unit_price": "$0.86 per 100g"},
{"product_name": "Vitasoy Natural Creamy Long Life Soy Milk 1L | 1L", "price": "$3.00", "unit_price": "$3.00 per 1L"},
{"product_name": "Chang's Super Lo-Cal Traditional Noodles | 390g", "price": "$3.00", "unit_price": "$0.77 per 100g"},
{"product_name": "Australia's Own Almond Milk Low Sugar | 1L", "price": "$3.00", "unit_price": "$3.00 per 1L"},
{"product_name": "Coles Kitchen Tomato & Basil Soup | 300g", "price": "$3.00", "unit_price": "$1.00 per 100g"},
{"product_name": "Pauls Soleil Low Fat Chocolate Mousse 2 pack | 124g", "price": "$2.80", "unit_price": "$2.26 per 100g"},
{"product_name": "180 Nutrition Good Sport Chocolate | 350mL", "price": "$2.60", "unit_price": "$7.43 per 1L"},
{"product_name": "Coles Organic Full Cream Milk UHT | 1L", "price": "$2.35", "unit_price": "$2.35 per 1L"},
{"product_name": "Coles Vintage Cheese & Crackers | 50g", "price": "$1.90", "unit_price": "$3.80 per 100g"},
{"product_name": "Youfoodz Creamy Garlic Chicken Kyiv With Chips & Broccoli | 312g", "price": "$10.95", "unit_price": "$3.51 per 100g"},
{"product_name": "Youfoodz Chicken Katsu Curry | 330g", "price": "$10.95", "unit_price": "$3.32 per 100g"},
{"product_name": "Great Ocean Road Vintage Cheese Block | 500g", "price": "$10.60", "unit_price": "$21.20 per 1kg"},
{"product_name": "Coles Perform Chicken Pesto Gnocchi | 430g", "price": "$9.95", "unit_price": "$2.31 per 100g"},
{"product_name": "National Beef Red Wine & Mushroom Pie 2Pk | 360g", "price": "$8.00", "unit_price": "$2.22 per 100g"},
{"product_name": "Nippy's Coffee Flavoured Multipack Long Life Milk 375mL | 4 pack", "price": "$7.60", "unit_price": "$5.07 per 1L"},
{"product_name": "Bega Lactose Free Natural Cheese Slices | 250g", "price": "$7.50", "unit_price": "$30.00 per 1kg"},
{"product_name": "British Sausage Co Smoked Back Bacon | 200g", "price": "$7.00", "unit_price": "$35.00 per 1kg"},
{"product_name": "Coles Spicy Chorizo Salami Knob | 200g", "price": "$6.90", "unit_price": "$34.50 per 1kg"},
{"product_name": "Dari's Chicken And Corn Soup | 550g", "price": "$6.85", "unit_price": "$1.25 per 100g"},
{"product_name": "South Cape Wedge Cheese Havarti | 180g", "price": "$6.50", "unit_price": "$36.11 per 1kg"},
{"product_name": "Coles Kitchen Loaded Supreme Pizza | 470g", "price": "$6.50", "unit_price": "$1.38 per 100g"},
{"product_name": "Latina Fresh Kids Beef & Vegetable Mini Ravioli | 200g", "price": "$6.00", "unit_price": "$3.00 per 100g"},
{"product_name": "Sunny Queen Cage Free Extra Large Eggs 12 pack | 700g", "price": "$5.90", "unit_price": "$0.84 per 100g"},
{"product_name": "Caldermeade Farm Goats Milk | 1L", "price": "$5.60", "unit_price": "$5.60 per 1L"},
{"product_name": "Cocobella Dairy Free Vanilla Coconut Yoghurt | 500g", "price": "$5.00", "unit_price": "$1.00 per 100g"},
{"product_name": "Bonsoy Almond Milk | 1L", "price": "$4.90", "unit_price": "$4.90 per 1L"},
{"product_name": "Meander Valley Double Cream | 200mL", "price": "$4.80", "unit_price": "$2.40 per 100mL"},
{"product_name": "Obela Singles Tzatziki Classic 3X60G | 180g", "price": "$4.50", "unit_price": "$2.50 per 100g"},
{"product_name": "Danone Yopro Perform Yoghurt Strawberry | 175g", "price": "$3.70", "unit_price": "$2.11 per 100g"},
{"product_name": "Danone Yopro Perform Protein Yoghurt Mango Passionfruit | 175g", "price": "$3.70", "unit_price": "$2.11 per 100g"},
{"product_name": "Coles Light Ricotta | 375g", "price": "$3.60", "unit_price": "$9.60 per 1kg"},
{"product_name": "Don Mild Hungarian Salami | 160g", "price": "$3.20", "unit_price": "$20.00 per 1kg"},
{"product_name": "Australia's Own Unsweetened Organic Coconut Milk | 1L", "price": "$3.20", "unit_price": "$3.20 per 1L"},
{"product_name": "Dairy Farmers Thick & Creamy Yoghurt Vanilla | 440g", "price": "$5.00", "unit_price": "$1.14 per 100g"},
{"product_name": "Dairy Farmers Thick & Creamy Yoghurt Strawberry | 440g", "price": "$5.00", "unit_price": "$1.14 per 100g"},
{"product_name": "Coles Chicken Tortellini | 600g", "price": "$5.00", "unit_price": "$0.83 per 100g"},
{"product_name": "Ice Break Sugar Ice Coffee | 750mL", "price": "$4.95", "unit_price": "$6.60 per 1L"},
{"product_name": "South Cape Tasmanian Heritage Little Entertainers Havarti | 80g", "price": "$4.80", "unit_price": "$60.00 per 1kg"},
{"product_name": "Yumi's Egg With Mayo Dip | 200g", "price": "$4.50", "unit_price": "$2.25 per 100g"},
{"product_name": "A2 Full Cream UHT Milk | 1L", "price": "$3.90", "unit_price": "$3.90 per 1L"},
{"product_name": "Coles French Goat's Cheese | 110g", "price": "$3.60", "unit_price": "$32.73 per 1kg"},
{"product_name": "Dairy Farmers No Added Sugar Strawberry Flav Milk | 500mL", "price": "$3.50", "unit_price": "$7.00 per 1L"},
{"product_name": "Chobani Fit Vanilla Yoghurt Pouch | 140g", "price": "$2.80", "unit_price": "$2.00 per 100g"},
{"product_name": "Farmers Union No Added Sugar Kids Yogurt Pouch Strawberry | 130g", "price": "$1.10", "unit_price": "$0.85 per 100g"},
{"product_name": "Cheer Cheese Slices Light & Tasty | 750g", "price": "$14.00", "unit_price": "$18.67 per 1kg"},
{"product_name": "Keep It Cleaner Fermented Vegetables Kimchi | 400g", "price": "$12.00", "unit_price": "$3.00 per 100g"},
{"product_name": "Kebia Bulgarian Sheep's Cheese | 400g", "price": "$11.50", "unit_price": "$28.75 per 1kg"},
{"product_name": "Gotzinger Smallgoods Cheese Kransky Chipolata | 400g", "price": "$10.50", "unit_price": "$26.25 per 1kg"},
{"product_name": "Primo Short Cut Bacon | 1 kg", "price": "$10.00", "unit_price": "$10.00 per 1kg"},
{"product_name": "Devondale Extra Soft Butter Less Fat | 750g", "price": "$9.95", "unit_price": "$1.33 per 100g"},
{"product_name": "Tasmanian Bakeries Mixed Pies | 720g", "price": "$9.70", "unit_price": "$1.35 per 100g"},
{"product_name": "Coles Kitchen Chicken Pesto Pasta Bake | 350g", "price": "$8.00", "unit_price": "$2.29 per 100g"},
{"product_name": "Coles Kitchen Black Bean Chicken And Egg Fried Rice | 350g", "price": null, "unit_price": null},
{"product_name": "Coles Kitchen Spaghetti Carbonara | 350g", "price": "$7.50", "unit_price": "$2.14 per 100g"},
{"product_name": "Liddells Yoghurt Vanilla Bean | 700g", "price": "$7.25", "unit_price": "$1.04 per 100g"},
{"product_name": "Big M Iced Coffee Flavoured Milk | 2L", "price": "$6.00", "unit_price": "$3.00 per 1L"},
{"product_name": "Grand Italian Potato Gnocchi | 500g", "price": "$6.00", "unit_price": "$1.20 per 100g"},
{"product_name": "Coles Australian Made Double Smoked Leg Ham | 150g", "price": "$5.70", "unit_price": "$38.00 per 1kg"},
{"product_name": "Nevana Pizza Base 12 pack | 700g", "price": "$4.80", "unit_price": "$0.69 per 100g"},
{"product_name": "Wicked Sister Strawberry Panna Cotta 2X150G | 300g", "price": "$4.80", "unit_price": "$1.60 per 100g"},
{"product_name": "Primo Gluten Free Classic Kransky | 250g", "price": "$4.40", "unit_price": "$17.60 per 1kg"},
{"product_name": "Inside Out Unsweetened Almond Milk | 1L", "price": "$3.90", "unit_price": "$3.90 per 1L"},
{"product_name": "Boss Caramel Coffee | 237mL", "price": "$3.85", "unit_price": "$16.25 per 1L"},
{"product_name": "Black Swan Dip Babaganoush | 200g", "price": "$3.50", "unit_price": "$1.75 per 100g"},
{"product_name": "Black Swan Dip Reduced Fat French Onion | 200g", "price": "$3.50", "unit_price": "$1.75 per 100g"},
{"product_name": "Flora ProActiv Margarine Spread Original | 750g", "price": "$10.80", "unit_price": "$1.44 per 100g"},
{"product_name": "Mainland Extra Tasty Cheddar Cheese Block | 500g", "price": "$10.00", "unit_price": "$20.00 per 1kg"},
{"product_name": "Danone Yopro Perform Plain Yoghurt | 700g", "price": "$8.80", "unit_price": "$1.26 per 100g"},
{"product_name": "Royal International Prosciutto Di Parma 16month | 100g", "price": "$8.50", "unit_price": "$8.50 per 100g"},
{"product_name": "Yoplait Berry Punnet Yoghurt 100g | 12 Pack", "price": "$8.00", "unit_price": "$0.67 per 100g"},
{"product_name": "Pauls Kids Chocolate Mousse 12 Pack | 600g", "price": "$8.00", "unit_price": "$1.33 per 100g"},
{"product_name": "Bega Cheese Strong & Bitey Vintage Grated | 250g", "price": "$7.50", "unit_price": "$30.00 per 1kg"},
{"product_name": "Coles Kitchen Beef Massaman Curry & Rice | 350g", "price": "$7.50", "unit_price": "$2.14 per 100g"},
{"product_name": "Mainland Organic Spreadable | 250g", "price": "$6.50", "unit_price": "$2.60 per 100g"},
{"product_name": "Coles Cypriot Halloumi With Mint | 250g", "price": "$6.50", "unit_price": "$26.00 per 1kg"},
{"product_name": "Coles Marinated Danish Fetta | 300g", "price": "$6.10", "unit_price": "$20.33 per 1kg"},
{"product_name": "La Casa Del Formaggio Cherry Bocconcini Cheese | 220g", "price": "$6.00", "unit_price": "$27.27 per 1kg"},
{"product_name": "Black Swan Hommus Dip | 500g", "price": "$6.00", "unit_price": "$1.20 per 100g"},
{"product_name": "La Casa Del Formaggio Fresh Mozzarella | 200g", "price": "$6.00", "unit_price": "$30.00 per 1kg"},
{"product_name": "Danone The Ultimate Succulent Strawberry Yoghurt 4x115g | 4 pack", "price": "$5.75", "unit_price": "$1.25 per 100g"},
{"product_name": "Tasmanian Heritage Camembert Oval | 125g", "price": "$5.00", "unit_price": "$40.00 per 1kg"},
{"product_name": "Primo Bacon Style Pieces Twin Pack | 300g", "price": "$4.80", "unit_price": "$16.00 per 1kg"},
{"product_name": "Philadelphia Sweet Chilli Pourover Dip | 250g", "price": "$4.50", "unit_price": "$1.80 per 100g"},
{"product_name": "Bubble Milk Tea Brown Sugar With Tapioca Pearls | 350mL", "price": "$4.50", "unit_price": "$12.86 per 1L"},
{"product_name": "Sanitarium So Good Chilled Original Almond Milk | 1L", "price": "$4.20", "unit_price": "$4.20 per 1L"},
{"product_name": "Philadelphia Portions Cream Cheese Light Spread | 150g", "price": "$4.00", "unit_price": "$26.67 per 1kg"},
{"product_name": "Hunt & Brew Australia Iced Coffee | 400mL", "price": "$3.95", "unit_price": "$9.88 per 1L"},
{"product_name": "Devondale Semi Skim Long Life Milk | 2L", "price": "$3.90", "unit_price": "$1.95 per 1L"},
{"product_name": "Australias Own Strawberry Kids Milk 200mL | 6 pack", "price": "$3.85", "unit_price": "$3.21 per 1L"},
{"product_name": "Black Swan Dip Roasted Garlic | 200g", "price": "$3.50", "unit_price": "$1.75 per 100g"},
{"product_name": "Dairy Farmers No Added Sugar Chocolate Flavoured Milk | 500mL", "price": "$3.50", "unit_price": "$7.00 per 1L"},
{"product_name": "Sanitarium So Good Barista Soy UHT | 1L", "price": "$3.00", "unit_price": "$3.00 per 1L"},
{"product_name": "Pauls Zymil Skim Long Life Milk | 1L", "price": "$3.00", "unit_price": "$3.00 per 1L"},
{"product_name": "Coles Kitchen Chicken & Vegetable Soup | 300g", "price": null, "unit_price": null},
{"product_name": "Dairy Farmers Thick & Creamy Yoghurt Pineapple Passionfruit | 140g", "price": "$2.60", "unit_price": "$1.86 per 100g"},
{"product_name": "Coles Kitchen Cheese & Garlic Baguette | 250g", "price": "$2.60", "unit_price": "$1.04 per 100g"},
{"product_name": "Pauls Bluey Banana Flavoured Milk | 250mL", "price": "$2.30", "unit_price": "$9.20 per 1L"},
{"product_name": "Coles Traditional Bocconcini | 210g", "price": "$4.80", "unit_price": "$22.86 per 1kg"},
{"product_name": "Bulla Lactose Free Light Sour Cream | 200mL", "price": "$4.10", "unit_price": "$2.05 per 100mL"},
{"product_name": "Vitasoy Milky Almond Milk | 1L", "price": "$2.90", "unit_price": "$2.90 per 1L"},
{"product_name": "Fantastic Hokkien Noodles | 450g", "price": "$2.65", "unit_price": "$0.59 per 100g"},
{"product_name": "Coles Organic Lite Milk | 1L", "price": "$2.60", "unit_price": "$2.60 per 1L"},
{"product_name": "Cocobella Strawberry Coconut Yoghurt | 150g", "price": "$2.50", "unit_price": "$1.67 per 100g"},
{"product_name": "Vaalia Kids Yoghurt Pouch Honeycomb | 140g", "price": "$2.40", "unit_price": "$1.71 per 100g"},
{"product_name": "Chobani Greek Yogurt Pouch Peach | 140g", "price": "$2.15", "unit_price": "$1.54 per 100g"},
{"product_name": "Tasmanian Heritage Double Brie | 250g", "price": "$14.95", "unit_price": "$59.80 per 1kg"},
{"product_name": "Ready Chef Pork & Beef Lasagne | 1.9kg", "price": "$12.80", "unit_price": "$0.67 per 100g"},
{"product_name": "Lewis Road Creamery Whole Milk Powder | 1kg", "price": "$9.00", "unit_price": "$0.90 per 100g"},
{"product_name": "Flora Margarine Spread Original | 1kg", "price": "$8.95", "unit_price": "$0.90 per 100g"},
{"product_name": "Table Of Plenty Kefir Natural Yoghurt | 1Kg", "price": "$8.90", "unit_price": "$0.89 per 100g"},
{"product_name": "Liddells Tasty Cheese Slices | 250g", "price": "$8.50", "unit_price": "$34.00 per 1kg"},
{"product_name": "Liddells Lactose Free Cheese Block | 250g", "price": "$8.50", "unit_price": "$34.00 per 1kg"},
{"product_name": "Jalna Pot Set Greek Style Sweet & Creamy Strawberry Yoghurt | 1kg", "price": "$8.30", "unit_price": "$0.83 per 100g"},
{"product_name": "Perfect Italiano Original Ricotta Soft Cheese | 500g", "price": "$6.00", "unit_price": "$12.00 per 1kg"},
{"product_name": "Obela Classic Guacamole Dip | 220g", "price": "$5.80", "unit_price": "$2.64 per 100g"},
{"product_name": "Flora ProActiv Margarine Spread Buttery | 250g", "price": "$5.75", "unit_price": "$2.30 per 100g"},
{"product_name": "Soyco Tofu Malaysian Peanut Satay | 200g", "price": "$5.10", "unit_price": "$2.55 per 100g"},
{"product_name": "Don Ready To Eat Kabana Minis | 140g", "price": "$5.00", "unit_price": "$35.71 per 1kg"},
{"product_name": "Stone Baked Pizza Bases Twin pack | 560g", "price": "$4.30", "unit_price": "$0.77 per 100g"},
{"product_name": "Wicked Sister Tiramisu | 90g", "price": "$3.80", "unit_price": "$4.22 per 100g"},
{"product_name": "Pureharvest Gluten Free Organic Coco Quench Unsweetened Coconut Milk | 1L", "price": "$3.80", "unit_price": "$3.80 per 1L"},
{"product_name": "Black Swan Dip Beetroot | 200g", "price": "$3.50", "unit_price": "$1.75 per 100g"},
{"product_name": "Tru-Blue Garlic Butter Spread | 150g", "price": "$3.35", "unit_price": "$2.23 per 100g"},
{"product_name": "Coles Kitchen Butternut Pumpkin Soup | 300g", "price": "$3.00", "unit_price": "$1.00 per 100g"},
{"product_name": "YoGo Chocolate & M&M's Mini Dessert | 150g", "price": "$2.60", "unit_price": "$1.73 per 100g"},
{"product_name": "Chobani Greek Yogurt Coconut | 160g", "price": "$2.15", "unit_price": "$1.34 per 100g"},
{"product_name": "Pauls Milky Max Vanilla Custard | 70g", "price": "$1.50", "unit_price": "$2.14 per 100g"},
{"product_name": "Farmers Union Greek Style Yoghurt | 130g", "price": "$1.10", "unit_price": "$0.85 per 100g"},
{"product_name": "Cocobella Coconut Yoghurt Vanilla | 900g", "price": "$9.00", "unit_price": "$1.00 per 100g"},
{"product_name": "Obela Smooth Classic Hommus Dip | 1kg", "price": "$8.00", "unit_price": "$0.80 per 100g"},
{"product_name": "Coles Kitchen Thai Green Chicken Curry & Rice | 350g", "price": "$7.50", "unit_price": "$2.14 per 100g"},
{"product_name": "Pura Double Thick Cream | 300mL", "price": "$6.70", "unit_price": "$2.23 per 100mL"},
{"product_name": "La Famiglia Cheesy Garlic Bread | 460g", "price": "$6.50", "unit_price": "$1.41 per 100g"},
{"product_name": "La Casa Del Formaggio Bocconcini Bambini Cheese | 220g", "price": "$6.00", "unit_price": "$27.27 per 1kg"},
{"product_name": "Coles Colby Cheese Block | 250g", "price": "$6.00", "unit_price": "$24.00 per 1kg"},
{"product_name": "Perfect Italiano Grated Cheese Perfect Pizza | 250g", "price": "$5.80", "unit_price": "$23.20 per 1kg"},
{"product_name": "Danone The Ultimate Golden Honey Yoghurt 4x115g | 4 Pack", "price": "$5.75", "unit_price": "$1.25 per 100g"},
{"product_name": "Vaalia Blueberry Yoghurt | 900g", "price": "$5.50", "unit_price": "$0.61 per 100g"},
{"product_name": "Soyco Tofu Japanese Teriyaki | 200g", "price": "$5.10", "unit_price": "$2.55 per 100g"},
{"product_name": "The Organic Milk Company Unsalted Butter | 250g", "price": "$5.00", "unit_price": "$2.00 per 100g"},
{"product_name": "Yumi's Spinach Dip | 200g", "price": "$4.50", "unit_price": "$2.25 per 100g"},
{"product_name": "Yumi's Mediterranean Vegetable Dip | 200g", "price": "$4.50", "unit_price": "$2.25 per 100g"},
{"product_name": "Thomson's Deli Middle Bacon | 250g", "price": "$4.30", "unit_price": "$17.20 per 1kg"},
{"product_name": "Coles Finest Aged Red Leicester | 200g", "price": "$4.25", "unit_price": "$21.25 per 1kg"},
{"product_name": "Chobani Oat Milk Chocolate | 1L", "price": "$4.00", "unit_price": "$4.00 per 1L"},
{"product_name": "Oak Plus No Added Sugar Vanilla Flavoured Milk With 30g Protein | 500mL", "price": "$3.90", "unit_price": "$7.80 per 1L"},
{"product_name": "Don Double Smoked Leg Ham | 200g", "price": "$3.20", "unit_price": "$16.00 per 1kg"},
{"product_name": "Cocobella Vanilla Coconut Yoghurt | 150g", "price": "$2.50", "unit_price": "$1.67 per 100g"},
{"product_name": "Coles Natures Kitchen Silken Tofu | 300g", "price": "$2.30", "unit_price": "$0.77 per 100g"},
{"product_name": "Siggi's Yoghurt Mixed Berry | 125g", "price": "$2.00", "unit_price": "$1.60 per 100g"},
{"product_name": "Brownes Dairy Wiggles Yoghurt Pouch Blueberry | 90g", "price": "$1.40", "unit_price": "$1.56 per 100g"},
{"product_name": "Zanetti Parmigiano Reggiano PDO | 200g", "price": "$11.25", "unit_price": "$56.25 per 1kg"},
{"product_name": "Cheer Colby Cheese Slices | 500g", "price": "$11.00", "unit_price": "$22.00 per 1kg"},
{"product_name": "Latina Dy Pasta Sauce Italian Tomato Garlic | 700g", "price": "$8.50", "unit_price": "$1.21 per 100g"},
{"product_name": "Coles Grana Padano Aged 14 Months | 250g", "price": "$8.50", "unit_price": "$34.00 per 1kg"},
{"product_name": "Coles Kitchen Beef Ragu Lasagne | 350g", "price": "$8.00", "unit_price": "$2.29 per 100g"},
{"product_name": "Rana Pumpkin & Caramelised Onion Ravioli | 325g", "price": "$8.00", "unit_price": "$2.46 per 100g"},
{"product_name": "Coles Kitchen Bolognese Bake | 350g", "price": "$8.00", "unit_price": "$2.29 per 100g"},
{"product_name": "Gippsland Dairy Yogurt Mixed Berry | 700g", "price": "$7.90", "unit_price": "$1.13 per 100g"},
{"product_name": "Vitasoy Iced Coffee Soy Milk | 1L", "price": "$2.40", "unit_price": "$2.40 per 1L"},
{"product_name": "Pauls Bluey Strawberry Flavoured Milk | 250mL", "price": "$2.30", "unit_price": "$9.20 per 1L"},
{"product_name": "Chobani Greek Yogurt Vanilla | 160g", "price": "$2.15", "unit_price": "$1.34 per 100g"},
{"product_name": "Chobani Greek Yogurt Lemon | 160g", "price": "$2.15", "unit_price": "$1.34 per 100g"},
{"product_name": "Jalna Pouch Of Purity Organic Strawberry Yoghurt | 100g", "price": "$1.95", "unit_price": "$1.95 per 100g"},
{"product_name": "Meredith Dairy Marinated Goats Cheese | 550g", "price": "$21.00", "unit_price": "$38.18 per 1kg"},
{"product_name": "Bare Bird BBQ Roast Chicken | 1 each", "price": null, "unit_price": null},
{"product_name": "Primo Original Twiggy Sticks | 200g", "price": "$7.90", "unit_price": "$39.50 per 1kg"},
{"product_name": "Bega Strong & Bitey Vintage Cheese Block | 250g", "price": "$7.50", "unit_price": "$30.00 per 1kg"},
{"product_name": "The Organic Milk Co Organic Cheddar Slices | 250g", "price": "$7.00", "unit_price": "$28.00 per 1kg"},
{"product_name": "South Cape Brie | 200g", "price": "$6.80", "unit_price": "$34.00 per 1kg"},
{"product_name": "Coles Havarti Cheese Slices | 200g", "price": "$5.00", "unit_price": "$25.00 per 1kg"},
{"product_name": "Coles Organic Salted Butter | 250g", "price": "$4.85", "unit_price": "$1.94 per 100g"},
{"product_name": "Don Crafted Cuts Hardwood Double Smoked Leg Ham | 100g", "price": "$4.40", "unit_price": "$44.00 per 1kg"},
{"product_name": "Hunt & Brew Brazil Iced Coffee | 400mL", "price": "$3.95", "unit_price": "$9.88 per 1L"},
{"product_name": "Dare No Added Sugar Espresso Flavoured Milk | 500mL", "price": "$3.80", "unit_price": "$7.60 per 1L"},
{"product_name": "Vitasoy Unsweetened Almond Milk | 1L", "price": "$3.80", "unit_price": "$3.80 per 1L"},
{"product_name": "Chobani Flip Yogurt Limited Edition | 140g", "price": "$3.50", "unit_price": "$2.50 per 100g"},
{"product_name": "Farmers Union Iced Coffee | 600mL", "price": "$3.50", "unit_price": "$5.83 per 1L"},
{"product_name": "Oak Lactose Free Chocolate Milk | 600mL", "price": "$2.90", "unit_price": "$4.83 per 1L"},
{"product_name": "Jalna Pouch Of Purity Organic Blueberry Yoghurt | 100g", "price": "$1.95", "unit_price": "$1.95 per 100g"},
{"product_name": "Brownes Dairy Wiggles Yoghurt Pouch Strawberry | 90g", "price": "$1.40", "unit_price": "$1.56 per 100g"},
{"product_name": "Yoplait Petit Miam Yoghurt Vanilla Apple | 70g", "price": "$0.95", "unit_price": "$1.36 per 100g"},
{"product_name": "Jalna Pot Set Creamy Vanilla Yoghurt | 1kg", "price": "$8.30", "unit_price": "$0.83 per 100g"},
{"product_name": "Yoplait Multi Flavoured Classic Yoghurt 12 x100g | 12 Pack", "price": "$8.00", "unit_price": "$0.67 per 100g"},
{"product_name": "National 2 Pack Pies Meat | 360g", "price": "$8.00", "unit_price": "$2.22 per 100g"},
{"product_name": "Chobani No Sugar Added Yogurt Vanilla Bean | 680g", "price": "$6.80", "unit_price": "$1.00 per 100g"},
{"product_name": "Sunny Queen Organic Free Range Large Eggs 6 pack | 300g", "price": "$6.50", "unit_price": "$2.17 per 100g"},
{"product_name": "Coles Dairy Vintage Cheese Slices 12 Pack | 250g", "price": "$6.00", "unit_price": "$24.00 per 1kg"},
{"product_name": "Tamar Valley The Creamery Yoghurt Strawberries & Cream | 700g", "price": "$6.00", "unit_price": "$0.86 per 100g"},
{"product_name": "Yumi's Gluten Free Curried Pumpkin & Spinach Veggie Bites | 225g", "price": "$6.00", "unit_price": "$2.67 per 100g"},
{"product_name": "Latina Fresh Creamy Sundried Tomato Pasta Sauce | 425g", "price": "$7.50", "unit_price": "$1.76 per 100g"},
{"product_name": "Danone Yopro Yoghurt Salted Caramel | 700g", "price": "$7.50", "unit_price": "$1.07 per 100g"},
{"product_name": "Mainland Extra Tasty Cheese Block | 250g", "price": "$7.00", "unit_price": "$28.00 per 1kg"},
{"product_name": "Herbert Adams Quiche Pumpkin Parmesan Spinach | 200g", "price": "$6.50", "unit_price": "$3.25 per 100g"},
{"product_name": "Thomson's Deli Sliced Chicken Quad Pack | 320g", "price": "$5.90", "unit_price": "$18.44 per 1kg"},
{"product_name": "Dairylea Cheddar Cheese Slices 12 Pack | 250g", "price": "$5.40", "unit_price": "$21.60 per 1kg"},
{"product_name": "Coles Dairy Buttery Blend Original | 500g", "price": "$4.85", "unit_price": "$0.97 per 100g"},
{"product_name": "Black Swan Dip Reduced Fat Tzatziki | 200g", "price": "$3.50", "unit_price": "$1.75 per 100g"},
{"product_name": "Chobani Fit Passionfruit Yoghurt | 170g", "price": "$2.80", "unit_price": "$1.65 per 100g"},
{"product_name": "Coles Kids Triangles Cheese | 140g", "price": "$2.60", "unit_price": "$18.57 per 1kg"},
{"product_name": "Gippsland Dairy Toffee & Honeycomb Twist Yoghurt | 160g", "price": "$2.40", "unit_price": "$1.50 per 100g"},
{"product_name": "Coles Deli Australian Fetta Reduced Fat Cheese | approx 100g", "price": "$2.00", "unit_price": "$19.95 per 1kg"},
{"product_name": "Thomson's Deli Mild Hungarian Salami | 320g", "price": "$9.90", "unit_price": "$30.94 per 1kg"},
{"product_name": "Ice Break Real Coffee Regular Strength Flavoured Milk | 750mL", "price": "$4.95", "unit_price": "$6.60 per 1L"},
{"product_name": "Ice Break Extra Shot Real Coffee | 750mL", "price": "$4.95", "unit_price": "$6.60 per 1L"},
{"product_name": "Yumi's Mediterranean Eggplant Dip | 200g", "price": "$4.50", "unit_price": "$2.25 per 100g"},
{"product_name": "Yumi's Roasted Beetroot Hommus Dip | 200g", "price": "$4.50", "unit_price": "$2.25 per 100g"},
{"product_name": "Sanitarium So Good Unsweetened Almond Milk | 1L", "price": "$4.20", "unit_price": "$4.20 per 1L"},
{"product_name": "La Famiglia Just For 2 Cheesy Garlic Bread | 190g", "price": "$4.00", "unit_price": "$2.11 per 100g"},
{"product_name": "Boss Iced Long Black Coffee | 237mL", "price": "$3.85", "unit_price": "$16.25 per 1L"},
{"product_name": "Coles Corn Relish Dip | 200g", "price": "$2.40", "unit_price": "$1.20 per 100g"},
{"product_name": "Tamar Valley Kids Greek Pouch Yoghurt | 110g", "price": "$2.40", "unit_price": "$2.18 per 100g"},
{"product_name": "Chobani Greek Yogurt Tropical | 160g", "price": "$2.15", "unit_price": "$1.34 per 100g"},
{"product_name": "Jalna Pouch Of Purity Organic Vanilla Yoghurt | 100g", "price": "$1.95", "unit_price": "$1.95 per 100g"},
{"product_name": "Brownes Dairy Wiggles Yoghurt Pouch Mango | 90g", "price": "$1.40", "unit_price": "$1.56 per 100g"},
{"product_name": "Pauls Kids Yoghurt Banana | 70g", "price": "$1.20", "unit_price": "$1.71 per 100g"},
{"product_name": "Coles Squeezie Banana Yoghurt Pouch | 70g", "price": "$0.75", "unit_price": "$1.07 per 100g"},
{"product_name": "Dodoni Greek Feta Cheese In Brine | 400g", "price": "$18.50", "unit_price": "$46.25 per 1kg"},
{"product_name": "Primo Streaky Bacon | 650g", "price": "$15.50", "unit_price": "$23.85 per 1kg"},
{"product_name": "Josh's Rainbow Free Range Eggs 12Pack | 800g", "price": "$10.00", "unit_price": "$1.25 per 100g"},
{"product_name": "Dairylea Less Fat Light Cheese Slices 24 Pack | 432g", "price": "$9.00", "unit_price": "$20.83 per 1kg"},
{"product_name": "Jalna Lactose Free Yoghurt Greek Natural | 1kg", "price": "$8.80", "unit_price": "$0.88 per 100g"},
{"product_name": "Primo Silverside | 80g", "price": "$3.70", "unit_price": "$46.25 per 1kg"},
{"product_name": "Chobani No Sugar Added Yogurt Mixed Berry | 150g", "price": "$2.15", "unit_price": "$1.43 per 100g"},
{"product_name": "Thomson's Deli Middle Bacon | 1kg", "price": "$12.00", "unit_price": "$12.00 per 1kg"},
{"product_name": "Cocobella Coconut Natural Yoghurt | 900g", "price": "$9.00", "unit_price": "$1.00 per 100g"},
{"product_name": "Gippsland Dairy Yoghurt Apple Rhubarb | 700g", "price": "$7.90", "unit_price": "$1.13 per 100g"},
{"product_name": "Danone Yopro Strawberry Yoghurt Tub | 700g", "price": "$7.50", "unit_price": "$1.07 per 100g"},
{"product_name": "Thomson's Deli Shredded Chicken Value Pack | 500g", "price": "$7.00", "unit_price": "$14.00 per 1kg"},
{"product_name": "Primo Classic Chorizo 2 Pack | 250g", "price": "$6.40", "unit_price": "$25.60 per 1kg"},
{"product_name": "Primo Rindless Middle Bacon | 250g", "price": "$6.20", "unit_price": "$24.80 per 1kg"},
{"product_name": "Coles Australian Made Sliced Honey Ham | 150g", "price": "$5.70", "unit_price": "$38.00 per 1kg"},
{"product_name": "Coles Hommus Dip | 1kg", "price": "$5.50", "unit_price": "$0.55 per 100g"},
{"product_name": "Wicked Sister Vanilla Bean Creme Caramel 2X150Gram | 300g", "price": "$4.80", "unit_price": "$1.60 per 100g"},
{"product_name": "Mersey Valley Little Entertainer Classic | 80g", "price": "$4.80", "unit_price": "$60.00 per 1kg"},
{"product_name": "Coles Mascarpone | 250g", "price": "$4.80", "unit_price": "$19.20 per 1kg"},
{"product_name": "Mornington Peninsula Free Range 6 Pack | 330g", "price": "$4.50", "unit_price": "$1.36 per 100g"},
{"product_name": "Western Star Chef's Choice Unsalted Cultured Butter Pat | 250g", "price": "$4.00", "unit_price": "$1.60 per 100g"},
{"product_name": "Boss Vanilla Latte Coffee | 237mL", "price": "$3.85", "unit_price": "$16.25 per 1L"},
{"product_name": "Bulla Dairy Low Fat Onion & Chives Cottage Cheese | 200g", "price": "$3.80", "unit_price": "$19.00 per 1kg"},
{"product_name": "Primo 25% Salt Reduced Leg Ham | 100g", "price": "$3.70", "unit_price": "$37.00 per 1kg"},
{"product_name": "Chobani Flip Yogurt Triple Choc Brownie | 140g", "price": "$3.50", "unit_price": "$2.50 per 100g"},
{"product_name": "Thomson's Deli Cocktail Franks | 500g", "price": "$3.00", "unit_price": "$6.00 per 1kg"},
{"product_name": "Coles Mini Hommus Pots 3x60g | 180g", "price": "$2.50", "unit_price": "$1.39 per 100g"},
{"product_name": "Vaalia Kids Lactose Free Vanilla Yoghurt Pouch | 140g", "price": "$2.40", "unit_price": "$1.71 per 100g"},
{"product_name": "Mil Lel Parmesan Cheese Block | 250g", "price": "$10.45", "unit_price": "$41.80 per 1kg"},
{"product_name": "Coles Fat Free Instant Skim Milk Powder | 1kg", "price": "$10.00", "unit_price": "$1.00 per 100g"},
{"product_name": "Philadelphia Dairy Cream Cheese Original Block 2 Pack | 500g", "price": "$10.00", "unit_price": "$20.00 per 1kg"},
{"product_name": "Danone Yopro Perform Yoghurt Mixed Berries | 700g", "price": "$8.80", "unit_price": "$1.26 per 100g"},
{"product_name": "The Laughing Cow Cheese | 256g", "price": "$8.50", "unit_price": "$33.20 per 1kg"},
{"product_name": "Coles Kitchen Pulled Pork Mac N Cheese | 350g", "price": "$8.00", "unit_price": "$2.29 per 100g"},
{"product_name": "Castello Double Cream Brie | 150g", "price": "$7.50", "unit_price": "$50.00 per 1kg"},
{"product_name": "Provedore Salami & Prosciutto Tasting Plate | 100g", "price": "$7.00", "unit_price": "$70.00 per 1kg"},
{"product_name": "Bulla Light Sour Cream | 400mL", "price": "$5.50", "unit_price": "$1.38 per 100mL"},
{"product_name": "Coles Beef Ravioli Pasta | 600g", "price": "$5.00", "unit_price": "$0.83 per 100g"},
{"product_name": "Philadelphia Light Cream Cheese Tub | 250g", "price": "$4.50", "unit_price": "$18.00 per 1kg"},
{"product_name": "Australias Own Chocolate Kids Milk 200mL | 6 pack", "price": "$3.85", "unit_price": "$3.21 per 1L"},
{"product_name": "Chobani Fit Raspberry Yoghurt Pouch | 140g", "price": "$2.80", "unit_price": "$2.00 per 100g"},
{"product_name": "Chobani Fit Blueberry Yoghurt Pot | 170g", "price": "$2.80", "unit_price": "$1.65 per 100g"},
{"product_name": "Chobani Greek Yogurt Strawberry | 160g", "price": "$2.15", "unit_price": "$1.34 per 100g"},
{"product_name": "Chobani Greek Yogurt Blueberry | 160g", "price": "$2.15", "unit_price": "$1.34 per 100g"},
{"product_name": "Siggi's 4% Black Cherry Yoghurt | 125g", "price": "$2.00", "unit_price": "$1.60 per 100g"},
{"product_name": "Bertocchi Long Rindless Bacon | 400g", "price": "$10.00", "unit_price": "$25.00 per 1kg"},
{"product_name": "La Famiglia Stone Baked Sourdough Garlic Bread | 480g", "price": "$7.00", "unit_price": "$1.46 per 100g"},
{"product_name": "Mainland Cheese Slices Extra Tasty | 210g", "price": "$7.00", "unit_price": "$33.33 per 1kg"},
{"product_name": "Coles Triple Cream Brie | 200g", "price": "$6.50", "unit_price": "$32.50 per 1kg"},
{"product_name": "Liddells Lactose Free Plain Yoghurt 4 pack | 140g", "price": "$6.20", "unit_price": "$1.11 per 100g"},
{"product_name": "Coles Dairy Tasty Cheese Block | 250g", "price": "$6.00", "unit_price": "$24.00 per 1kg"},
{"product_name": "Vaalia Plain Yoghurt Low Fat | 900g", "price": "$5.50", "unit_price": "$0.61 per 100g"},
{"product_name": "Obela Classic Tzatziki | 220g", "price": "$5.50", "unit_price": "$2.50 per 100g"},
{"product_name": "Coles Ricotta Spinach Agnolotti Pasta | 600g", "price": "$5.00", "unit_price": "$0.83 per 100g"},
{"product_name": "Yumi's Roasted Beetroot Dip | 200g", "price": "$4.50", "unit_price": "$2.25 per 100g"},
{"product_name": "Flora Margarine Spread Light | 500g", "price": "$4.20", "unit_price": "$0.84 per 100g"},
{"product_name": "Chobani Flip Mint Chocolate Chip Yoghurt | 140g", "price": "$3.50", "unit_price": "$2.50 per 100g"},
{"product_name": "Tamar Valley Creamery Peaches & Cream | 170g", "price": "$2.90", "unit_price": "$1.71 per 100g"},
{"product_name": "Coles Cheese & Chive Dip | 200g", "price": "$2.40", "unit_price": "$1.20 per 100g"},
{"product_name": "Pauls Bluey Chocolate Flavoured Milk | 250mL", "price": "$2.30", "unit_price": "$9.20 per 1L"},
{"product_name": "Vitasoy Unsweetened Almond UHT Milk 1L | 1L", "price": "$2.00", "unit_price": "$2.00 per 1L"},
{"product_name": "Farmers Union Greek Style Vanilla Bean Yoghurt | 130g", "price": "$1.10", "unit_price": "$0.85 per 100g"},
{"product_name": "Coles Mozzarella Pear | 500g", "price": "$7.80", "unit_price": "$15.60 per 1kg"},
{"product_name": "Don Crafted Cuts Streaky Bacon | 180g", "price": "$5.70", "unit_price": "$31.67 per 1kg"},
{"product_name": "Coles Cheese Shredded 4 Cheese Blend | 250g", "price": "$5.50", "unit_price": "$22.00 per 1kg"},
{"product_name": "Dairy Farmers Thick & Creamy Strawberry Yoghurt | 600g", "price": "$5.50", "unit_price": "$0.92 per 100g"},
{"product_name": "Simply Better Organic Plain Firm Tofu | 500g", "price": "$5.35", "unit_price": "$1.07 per 100g"},
{"product_name": "Coles Gouda Cheese Slices | 200g", "price": "$5.00", "unit_price": "$25.00 per 1kg"},
{"product_name": "Philadelphia Regular Cream Cheese Block | 250g", "price": "$4.50", "unit_price": "$18.00 per 1kg"},
{"product_name": "Coles Salt Reduced Butter | 250g", "price": "$4.30", "unit_price": "$1.72 per 100g"},
{"product_name": "Bertolli Olive Oil Margarine Spread Classic | 500g", "price": "$4.00", "unit_price": "$0.80 per 100g"},
{"product_name": "Yumi's Mini Middle Eastern Hommus 3x65g | 195g", "price": "$3.50", "unit_price": "$1.79 per 100g"},
{"product_name": "Don English Style Sliced Ham | 200g", "price": "$3.20", "unit_price": "$16.00 per 1kg"},
{"product_name": "Tamar Valley The Creamery Yoghurt Blueberries & Cream | 170g", "price": "$2.90", "unit_price": "$1.71 per 100g"},
{"product_name": "Sanitarium So Good Long Life Unsweetened Almond & Coconut Milk | 1L", "price": "$2.90", "unit_price": "$2.90 per 1L"},
{"product_name": "Gippsland Dairy Twist Yoghurt Limited Edition | 160g", "price": "$2.40", "unit_price": "$1.50 per 100g"},
{"product_name": "Tamar Valley Kids Greek Natural Raspberry Yoghurt Pouch | 110g", "price": "$2.40", "unit_price": "$2.18 per 100g"},
{"product_name": "Coles Kitchen Braised Beef & Mash | 350g", "price": "$8.00", "unit_price": "$2.29 per 100g"},
{"product_name": "Coles Kitchen Spaghetti Bolognese | 350g", "price": "$7.50", "unit_price": "$2.14 per 100g"},
{"product_name": "Liddells Strawberry Yoghurt 140 grams | 4 Pack", "price": "$6.20", "unit_price": "$1.11 per 100g"},
{"product_name": "Latina Fresh Lasagne Sheets 8 Pack | 375g", "price": "$6.00", "unit_price": "$1.60 per 100g"},
{"product_name": "Lurpak Unsalted Butter | 250g", "price": "$5.80", "unit_price": "$2.32 per 100g"},
{"product_name": "Coles Australian Light Shredded Mozzarella | 250g", "price": "$5.50", "unit_price": "$22.00 per 1kg"},
{"product_name": "Pauls Zymil Lactose Free Skim Milk | 1L", "price": "$3.90", "unit_price": "$3.90 per 1L"},
{"product_name": "Black Swan Dip Reduced Fat Hommus | 200g", "price": "$3.50", "unit_price": "$1.75 per 100g"},
{"product_name": "Rokeby Farms Chocolate Honeycomb Protein Smoothie | 425mL", "price": "$3.50", "unit_price": "$8.24 per 1L"},
{"product_name": "Pauls Physical High Calcium Reduced Fat Milk Carton | 1L", "price": "$3.00", "unit_price": "$3.00 per 1L"},
{"product_name": "Danone YoPro Vanilla Yoghurt | 160g", "price": "$3.00", "unit_price": "$1.88 per 100g"},
{"product_name": "Nestle Chocolate Mousse 2 pack | 124g", "price": "$2.80", "unit_price": "$2.26 per 100g"},
{"product_name": "Dairy Farmers Thick & Creamy Yoghurt Mango & Finger Lime | 140g", "price": "$2.60", "unit_price": "$1.86 per 100g"},
{"product_name": "Chobani Greek Yogurt Natural Light | 160g", "price": "$2.15", "unit_price": "$1.34 per 100g"},
{"product_name": "Pauls Kids Yoghurt Strawberry Red | 70g", "price": "$1.20", "unit_price": "$1.71 per 100g"},
{"product_name": "Flora Pro Activ Margarine Spread Original | 500g", "price": "$10.00", "unit_price": "$2.00 per 100g"},
{"product_name": "Gippsland Dairy Boysenberry Twist Yoghurt | 700g", "price": "$7.90", "unit_price": "$1.13 per 100g"},
{"product_name": "Yarra Valley Free Range Eggs 12 Pack | 700g", "price": "$7.70", "unit_price": "$1.10 per 100g"},
{"product_name": "Mil Lel Extra Sharp Parmesan | 170g", "price": "$6.90", "unit_price": "$40.59 per 1kg"},
{"product_name": "Mil Lel Shredded Parmesan | 170g", "price": "$6.90", "unit_price": "$40.59 per 1kg"},
{"product_name": "Babushka's Probiotic Kefir Yoghurt Organic Natural | 750mL", "price": "$6.20", "unit_price": "$0.83 per 100g"},
{"product_name": "Primo Streaky Rindless Bacon | 200g", "price": "$6.20", "unit_price": "$31.00 per 1kg"},
{"product_name": "Nuttelex Olive Spread | 500g", "price": "$5.25", "unit_price": "$1.05 per 100g"},
{"product_name": "Dairy Farmers Thick & Creamy Caramelised Fig Yoghurt | 600g", "price": "$5.50", "unit_price": "$0.92 per 100g"},
{"product_name": "Pauls Vanilla Custard | 1kg", "price": "$4.40", "unit_price": "$0.44 per 100g"},
{"product_name": "Coles Finest Vintage British Cheddar | 200g", "price": "$4.25", "unit_price": "$21.25 per 1kg"},
{"product_name": "Primo Pepperoni Hot Salami | 80g", "price": "$3.70", "unit_price": "$46.25 per 1kg"},
{"product_name": "Big M Iced Coffee Flavoured Milk | 600mL", "price": "$3.50", "unit_price": "$5.83 per 1L"},
{"product_name": "Vitasoy Almond Milky | 1L", "price": "$3.00", "unit_price": "$3.00 per 1L"},
{"product_name": "Ice Break Iced Coffee Lactose Free | 500mL", "price": "$2.90", "unit_price": "$5.80 per 1L"},
{"product_name": "Tamar Valley The Creamery Yoghurt Mangoes & Cream | 170g", "price": "$2.90", "unit_price": "$1.71 per 100g"},
{"product_name": "Chobani Greek Yogurt Pouch Vanilla | 140g", "price": "$2.15", "unit_price": "$1.54 per 100g"},
{"product_name": "Coles Organic Soy Milk | 1L", "price": "$1.60", "unit_price": "$1.60 per 1L"},
{"product_name": "Coles Deli Fetta Cheese | approx 100g", "price": "$2.25", "unit_price": "$22.50 per 1kg"},
{"product_name": "Jalna Pot Set Fat Free Natural Yoghurt | 1kg", "price": "$8.30", "unit_price": "$0.83 per 100g"},
{"product_name": "Devondale Regular Butter Blend | 500g", "price": "$6.00", "unit_price": "$1.20 per 100g"},
{"product_name": "Tamar Valley The Creamery Yoghurt Blueberries & Cream | 700g", "price": "$6.00", "unit_price": "$0.86 per 100g"},
{"product_name": "Yumi's Classic Falafel Balls | 225g", "price": "$5.50", "unit_price": "$2.44 per 100g"},
{"product_name": "Yumi's Smokey Chipotle Hommus Dip | 200g", "price": "$4.50", "unit_price": "$2.25 per 100g"},
{"product_name": "Danone YoPro Passionfruit Yoghurt | 160g", "price": "$3.00", "unit_price": "$1.88 per 100g"},
{"product_name": "Tamar Valley The Creamery Yoghurt Strawberries & Cream | 170g", "price": "$2.90", "unit_price": "$1.71 per 100g"},
{"product_name": "Chobani Fit Vanilla Yoghurt Pot | 170g", "price": "$2.80", "unit_price": "$1.65 per 100g"},
{"product_name": "Nestle Milo Energy Dairy Snack | 150g", "price": "$2.50", "unit_price": "$1.67 per 100g"},
{"product_name": "Sanitarium So Good Long Life Lite Soy Milk 1L | 1L", "price": "$2.20", "unit_price": "$2.20 per 1L"},
{"product_name": "Bega Dairy Tasty Grated Cheese | 500g", "price": "$9.50", "unit_price": "$19.00 per 1kg"},
{"product_name": "Perfect Italiano Perfect Bakes | 450g", "price": "$9.50", "unit_price": "$21.11 per 1kg"},
{"product_name": "Perfect Italiano Extra Sharp Parmesan | 200g", "price": "$7.50", "unit_price": "$37.50 per 1kg"},
{"product_name": "Bega Tasty Cheese Grated | 250g", "price": "$7.50", "unit_price": "$30.00 per 1kg"},
{"product_name": "Castello Blue Cheese | 150g", "price": "$7.50", "unit_price": "$50.00 per 1kg"},
{"product_name": "Obela Hommus Garnished Zesty Jalapeno | 220g", "price": "$5.50", "unit_price": "$2.50 per 100g"},
{"product_name": "Rokeby Farms Probiotic Filmjolk Blueberry Yoghurt | 750g", "price": "$5.00", "unit_price": "$0.67 per 100g"},
{"product_name": "Primo Hot Hungarian Salami | 80g", "price": "$3.70", "unit_price": "$46.25 per 1kg"},
{"product_name": "Sanitarium So Good Almond Vanilla Long Life Milk | 1L", "price": "$3.20", "unit_price": "$3.20 per 1L"},
{"product_name": "Danone YoPro Strawberry Yoghurt | 160g", "price": "$3.00", "unit_price": "$1.88 per 100g"},
{"product_name": "Tamar Valley Kids Greek Vanilla Yoghurt Pouch | 110g", "price": "$2.40", "unit_price": "$2.18 per 100g"},
{"product_name": "Coles Regular Cream Cheese Block | 250g", "price": "$3.30", "unit_price": "$13.20 per 1kg"},
{"product_name": "YoPro Yoghurt Pouch Banana | 150g", "price": "$3.00", "unit_price": "$2.00 per 100g"},
{"product_name": "Gippsland Dairy Mango & Blood Orange Twist Yoghurt | 160g", "price": "$2.40", "unit_price": "$1.50 per 100g"},
{"product_name": "Chobani Greek Yogurt Passionfruit | 160g", "price": "$2.15", "unit_price": "$1.34 per 100g"},
{"product_name": "Pureharvest Organic Malt Free Long Life Soy Drink | 1L", "price": "$2.00", "unit_price": "$2.00 per 1L"},
{"product_name": "Farmers Union Greek Style Strawberry Yoghurt Pouch | 130g", "price": "$1.10", "unit_price": "$0.85 per 100g"},
{"product_name": "Latina Fresh Roast Chicken & Garlic Ravioli | 625g", "price": "$11.00", "unit_price": "$1.76 per 100g"},
{"product_name": "Gippsland Dairy Toffee & Honeycomb Twist Yoghurt | 700g", "price": "$7.90", "unit_price": "$1.13 per 100g"},
{"product_name": "Great Ocean Road Chocolate Flavoured Milk | 2L", "price": "$5.35", "unit_price": "$2.68 per 1L"},
{"product_name": "Danone YoPro Blueberry Yoghurt | 160g", "price": "$3.00", "unit_price": "$1.88 per 100g"},
{"product_name": "Coles Organic Full Cream Milk | 1L", "price": null, "unit_price": null},
{"product_name": "Vaalia Probiotics Banana Kids Yoghurt Pouch | 140g", "price": "$2.40", "unit_price": "$1.71 per 100g"},
{"product_name": "Yallamundi Farm Organic Free Range Eggs 12 Pack | 600g", "price": "$12.00", "unit_price": "$2.00 per 100g"},
{"product_name": "Babybel Mini Cheese Regular | 200g", "price": "$11.20", "unit_price": "$56.00 per 1kg"},
{"product_name": "Bega Strong & Bitey Dairy Cheese Vintage Block | 500g", "price": "$9.50", "unit_price": "$19.00 per 1kg"},
{"product_name": "Bega Light & Tasty Natural Cheese Slices 12x250g | 250g", "price": "$7.50", "unit_price": "$30.00 per 1kg"},
{"product_name": "Perfect Italiano Parmesan Cheese Block | 200g", "price": "$7.50", "unit_price": "$37.50 per 1kg"},
{"product_name": "Lurpak Slightly Salted Butter | 250g", "price": "$5.80", "unit_price": "$2.32 per 100g"},
{"product_name": "Great Ocean Road Fresh Skim Milk | 2L", "price": "$4.70", "unit_price": "$2.35 per 1L"},
{"product_name": "Yumi's Avocado & Sea Salt Dip | 200g", "price": "$4.50", "unit_price": "$2.25 per 100g"},
{"product_name": "Chobani Oat Milk Barista Edition | 1L", "price": "$4.00", "unit_price": "$4.00 per 1L"},
{"product_name": "A2 No Fat Milk | 1L", "price": "$3.90", "unit_price": "$3.90 per 1L"},
{"product_name": "Bulla Dairy Low Fat Cottage Cheese Original | 200g", "price": "$3.80", "unit_price": "$19.00 per 1kg"},
{"product_name": "Dare Mocha Iced Coffee | 500mL", "price": "$3.80", "unit_price": "$7.60 per 1L"},
{"product_name": "Primo Gluten Free Thinly Sliced Danish Mild Salami | 80g", "price": "$3.70", "unit_price": "$46.25 per 1kg"},
{"product_name": "Big M Lactose Free Chocolate Milk | 500mL", "price": "$3.50", "unit_price": "$7.00 per 1L"},
{"product_name": "Big M Strawberry Flavoured Milk | 600mL", "price": "$3.50", "unit_price": "$5.83 per 1L"},
{"product_name": "La Famiglia  Garlic Bread | 170g", "price": "$3.00", "unit_price": "$1.76 per 100g"},
{"product_name": "Chobani Fit Strawberry Yoghurt Pot | 170g", "price": "$2.80", "unit_price": "$1.65 per 100g"},
{"product_name": "Vitasoy Soy Milky Regular Long Life Milk 1L | 1L", "price": "$2.45", "unit_price": "$2.45 per 1L"},
{"product_name": "Coles Squeezie Vanilla Yoghurt Pouch | 70g", "price": "$0.75", "unit_price": "$1.07 per 100g"},
{"product_name": "Bega Tasty Cheese Block | 250g", "price": "$7.50", "unit_price": "$30.00 per 1kg"},
{"product_name": "Fresh Fodder Taramosalata Dip | 200g", "price": "$5.40", "unit_price": "$2.70 per 100g"},
{"product_name": "Tasmanian Heritage Triple Cream Brie Oval | 125g", "price": "$5.00", "unit_price": "$40.00 per 1kg"},
{"product_name": "Oak Plus NSA Chocolate Flavoured Milk | 500mL", "price": "$3.90", "unit_price": "$7.80 per 1L"},
{"product_name": "Big M Banana Split Flavoured Milk | 500mL", "price": "$3.50", "unit_price": "$7.00 per 1L"},
{"product_name": "Gippsland Dairy Watermelon & Strawberry Twist Yoghurt | 160g", "price": "$2.40", "unit_price": "$1.50 per 100g"},
{"product_name": "Chobani Greek Yogurt Limited Edition | 160g", "price": "$2.15", "unit_price": "$1.34 per 100g"},
{"product_name": "Coles Squeezie Blueberry Yoghurt Pouch | 70g", "price": "$0.75", "unit_price": "$1.07 per 100g"},
{"product_name": "Western Star Reduced Salt Spreadable Butter Blend | 500g", "price": "$7.00", "unit_price": "$1.40 per 100g"},
{"product_name": "Sunny Queen Free Range Large Eggs 12 pack | 600g", "price": "$6.80", "unit_price": "$1.13 per 100g"},
{"product_name": "Yoplait Zero Classic Yoghurt 6x160g | 960g", "price": "$6.50", "unit_price": "$0.68 per 100g"},
{"product_name": "Dairy Farmers Fresh Cream | 500mL", "price": "$5.50", "unit_price": "$1.10 per 100mL"},
{"product_name": "Don Traditional Kabana | 200g", "price": "$4.70", "unit_price": "$23.50 per 1kg"},
{"product_name": "Oak Chocolate Flavoured Milk | 750mL", "price": "$4.60", "unit_price": "$6.13 per 1L"},
{"product_name": "Coles Dollop Cream | 300mL", "price": "$4.40", "unit_price": "$1.47 per 100mL"},
{"product_name": "Dare Caramel Latte Flavoured Milk | 750mL", "price": "$3.90", "unit_price": "$5.20 per 1L"},
{"product_name": "Dare Double Espresso Iced Coffee Flavoured Milk | 500mL", "price": "$3.80", "unit_price": "$7.60 per 1L"},
{"product_name": "Rokeby Farms Nas Banana Honey Cinnamon Smoothie | 425mL", "price": "$3.50", "unit_price": "$8.24 per 1L"},
{"product_name": "Coles Squeezie Strawberry Yoghurt Pouch | 70g", "price": "$0.75", "unit_price": "$1.07 per 100g"},
{"product_name": "Tibaldi Ham Off The Bone | 120g", "price": "$4.00", "unit_price": "$33.33 per 1kg"},
{"product_name": "Pauls Smarter White Milk Only 2% Fat | 1L", "price": "$2.80", "unit_price": "$2.80 per 1L"},
{"product_name": "Tamar Valley Kids Greek Strawberry Yoghurt Pouch | 110g", "price": "$2.40", "unit_price": "$2.18 per 100g"},
{"product_name": "Chobani Greek Yogurt Pouch Mango | 140g", "price": "$2.15", "unit_price": "$1.54 per 100g"},
{"product_name": "Chobani Greek Yogurt Pouch Raspberry | 140g", "price": "$2.15", "unit_price": "$1.54 per 100g"},
{"product_name": "Yumi's Dip Hommus Traditional | 1kg", "price": "$8.00", "unit_price": "$0.80 per 100g"},
{"product_name": "Castello Fetta Cubes In Brine | 430g", "price": "$6.00", "unit_price": "$13.95 per 1kg"},
{"product_name": "Don Crafted Cut Bacon Shortcut | 200g", "price": "$5.70", "unit_price": "$28.50 per 1kg"},
{"product_name": "Dairy Farmers Thick & Creamy Mango Passionfruit Yoghurt | 600g", "price": "$5.50", "unit_price": "$0.92 per 100g"},
{"product_name": "Yoplait Yoghurt Mixed Berry | 1kg", "price": "$4.90", "unit_price": "$0.49 per 100g"},
{"product_name": "Coles Dairy Yoghurt Peach & Mango | 1kg", "price": "$4.00", "unit_price": "$0.40 per 100g"},
{"product_name": "Gippsland Dairy Passionfruit Twist Yoghurt | 160g", "price": "$2.40", "unit_price": "$1.50 per 100g"},
{"product_name": "Perfect Italiano 4 Cheese Melt | 450g", "price": "$9.50", "unit_price": "$21.11 per 1kg"},
{"product_name": "Don Gluten Free Footy Franks Skinless | 600g", "price": "$6.90", "unit_price": "$11.50 per 1kg"},
{"product_name": "Don Leg Shaved Ham | 200g", "price": "$3.20", "unit_price": "$16.00 per 1kg"},
{"product_name": "Dodoni Greek Feta Elco Cheese | approx 100g", "price": "$3.05", "unit_price": "$30.50 per 1kg"},
{"product_name": "Coles Dairy Cheese Camembert Wrapped | 125g", "price": "$3.00", "unit_price": "$24.00 per 1kg"},
{"product_name": "Danone YoPro Pouch Mango | 150g", "price": "$3.00", "unit_price": "$2.00 per 100g"},
{"product_name": "Dairy Farmers Thick & Creamy Lemon Cream Yoghurt | 150g", "price": "$2.60", "unit_price": "$1.73 per 100g"},
{"product_name": "Chobani Greek Yogurt Mango | 160g", "price": "$2.15", "unit_price": "$1.34 per 100g"},
{"product_name": "Coles Almond Milk Unsweetened | 1L", "price": "$2.00", "unit_price": "$2.00 per 1L"},
{"product_name": "Yoplait Petit Miam Squeezie Fruit Salad Yoghurt Pouch | 70g", "price": "$0.95", "unit_price": "$1.36 per 100g"},
{"product_name": "Yoplait Zero Strawberry Yoghurt | 1kg", "price": "$4.90", "unit_price": "$0.49 per 100g"},
{"product_name": "A2 Lactose Free Light Milk | 1L", "price": "$4.10", "unit_price": "$4.10 per 1L"},
{"product_name": "Black Swan Dip Taramosalata | 200g", "price": "$3.50", "unit_price": "$1.75 per 100g"},
{"product_name": "Gippsland Dairy Strawberry Waffle Mix-Ins | 140g", "price": "$2.75", "unit_price": "$1.96 per 100g"},
{"product_name": "Bega Stringers Original Cheese 8 pack | 160g", "price": "$7.00", "unit_price": "$43.75 per 1kg"},
{"product_name": "Yoplait Vanilla Yoghurt 6x160g | 960g", "price": "$6.50", "unit_price": "$0.68 per 100g"},
{"product_name": "Thomson's Deli Short Cut Bacon | 200g", "price": "$4.30", "unit_price": "$21.50 per 1kg"},
{"product_name": "Dairy Farmers Thick & Creamy Mango Passionfruit Yoghurt | 150g", "price": "$2.60", "unit_price": "$1.73 per 100g"},
{"product_name": "Vaalia Kids Vanilla Yoghurt Pouch | 140g", "price": "$2.40", "unit_price": "$1.71 per 100g"},
{"product_name": "Coles Dairy Avocado Dip | 200g", "price": "$2.40", "unit_price": "$1.20 per 100g"},
{"product_name": "Tamar Valley Kids Greek Blueberry Yoghurt Pouch | 110g", "price": "$2.40", "unit_price": "$2.18 per 100g"},
{"product_name": "Sunny Queen Organic Eggs 12 pack | 700g", "price": "$11.50", "unit_price": "$1.64 per 100g"},
{"product_name": "Jarlsberg Dairy Original Swiss Cheese Slices | 150g", "price": "$8.50", "unit_price": "$56.67 per 1kg"},
{"product_name": "A2 Lactose Free Light Milk | 2L", "price": "$7.30", "unit_price": "$3.65 per 1L"},
{"product_name": "Western Star Supersoft Spreadable Butter Blend | 500g", "price": "$7.00", "unit_price": "$1.40 per 100g"},
{"product_name": "Dairylea Burger Cheese Slices | 250g", "price": "$5.40", "unit_price": "$21.60 per 1kg"},
{"product_name": "Activia Low Fat Vanilla Yoghurt 4x125g | 500g", "price": "$4.50", "unit_price": "$0.90 per 100g"},
{"product_name": "Primo Roast Beef Thinly Sliced | 80g", "price": "$3.70", "unit_price": "$46.25 per 1kg"},
{"product_name": "Chobani Flip Cookies & Cream Crunch Yoghurt | 140g", "price": "$3.50", "unit_price": "$2.50 per 100g"},
{"product_name": "Sanitarium So Good High Protein Almond Milk | 1L", "price": "$3.40", "unit_price": "$3.40 per 1L"},
{"product_name": "Coles Pro-B  Milk Drink Fermented | 305mL", "price": "$3.35", "unit_price": "$10.98 per 1L"},
{"product_name": "YoPro Yoghurt Pouch Vanilla | 150g", "price": "$3.00", "unit_price": "$2.00 per 100g"},
{"product_name": "Coles Low Fat Creamed Cottage Cheese | 500g", "price": "$5.70", "unit_price": "$11.40 per 1kg"},
{"product_name": "Vaalia Reduced Fat French Vanilla Yoghurt 4x150g | 600g", "price": "$5.30", "unit_price": "$0.88 per 100g"},
{"product_name": "Oak Classic Chocolate Flavoured Milk | 2L", "price": "$6.50", "unit_price": "$3.25 per 1L"},
{"product_name": "Farmhouse  Gold Organic Milk | 1.5L", "price": "$5.80", "unit_price": "$3.87 per 1L"},
{"product_name": "La Famiglia Garlic Bread | 400g", "price": "$4.50", "unit_price": "$1.13 per 100g"},
{"product_name": "Vitasoy Calci-Plus Long Life Soy Milk 1L | 1L", "price": "$3.00", "unit_price": "$3.00 per 1L"},
{"product_name": "YoPro Yoghurt Pouch Strawberry | 150g", "price": "$3.00", "unit_price": "$2.00 per 100g"},
{"product_name": "Oak Chocolate Flavoured Milk | 600mL", "price": "$2.90", "unit_price": "$4.83 per 1L"},
{"product_name": "Pauls Rev Low Fat Milk Carton | 1L", "price": "$2.80", "unit_price": "$2.80 per 1L"},
{"product_name": "Chobani Greek Yogurt Pouch Blueberry | 140g", "price": "$2.15", "unit_price": "$1.54 per 100g"},
{"product_name": "Primo Prosciutto | 100g", "price": "$6.00", "unit_price": "$60.00 per 1kg"},
{"product_name": "Liddells Lactose Free Full Cream Milk | 1L", "price": "$3.00", "unit_price": "$3.00 per 1L"},
{"product_name": "Coles Dairy French Onion Dip | 200g", "price": "$2.40", "unit_price": "$1.20 per 100g"},
{"product_name": "Bulla Cremy Australian Style Yoghurt Natural | 160g", "price": "$1.20", "unit_price": "$0.75 per 100g"},
{"product_name": "Bulla Creamy Australian Style Yoghurt Vanilla | 160g", "price": "$1.20", "unit_price": "$0.75 per 100g"},
{"product_name": "Western Star Spreadable Butter Blend | 375g", "price": "$6.00", "unit_price": "$1.60 per 100g"},
{"product_name": "Activia Low Fat Mango Yoghurt 4x125g | 500g", "price": "$4.50", "unit_price": "$0.90 per 100g"},
{"product_name": "Coles Dairy Strawberry Yoghurt | 1kg", "price": "$4.00", "unit_price": "$0.40 per 100g"},
{"product_name": "Coles Cheese Apricot & Almond | 190g", "price": "$3.80", "unit_price": "$20.00 per 1kg"},
{"product_name": "Big M Strawberry Flavoured Milk | 750mL", "price": "$3.70", "unit_price": "$4.93 per 1L"},
{"product_name": "Big M Original Chocolate Flavoured Milk | 600mL", "price": "$3.50", "unit_price": "$5.83 per 1L"},
{"product_name": "Gippsland Dairy Blueberry Twist Yoghurt | 160g", "price": "$2.40", "unit_price": "$1.50 per 100g"},
{"product_name": "Primo Short Cut Bacon | 200g", "price": "$6.20", "unit_price": "$31.00 per 1kg"},
{"product_name": "Black Swan Dip Reduced Fat Roasted Capsicum | 200g", "price": "$3.50", "unit_price": "$1.75 per 100g"},
{"product_name": "Sunny Queen Cage Free Large Eggs 18 pack | 900g", "price": "$7.95", "unit_price": "$0.88 per 100g"},
{"product_name": "Coles Yoghurt High Protein | 900g", "price": "$6.00", "unit_price": "$0.67 per 100g"},
{"product_name": "Dare Mocha Flavoured Milk | 750mL", "price": "$3.90", "unit_price": "$5.20 per 1L"},
{"product_name": "Big M Banana Flavoured Milk | 600mL", "price": "$3.50", "unit_price": "$5.83 per 1L"},
{"product_name": "Latina Fresh Ricotta & Spinach Agnolotti | 375g", "price": "$8.00", "unit_price": "$2.13 per 100g"},
{"product_name": "Boss Iced Latte Coffee | 237mL", "price": "$3.85", "unit_price": "$16.25 per 1L"},
{"product_name": "Dairy Farmers Buttermilk | 600mL", "price": "$3.05", "unit_price": "$5.08 per 1L"},
{"product_name": "Wicked Sister High Protein Chocolate Pudding | 170g", "price": "$3.00", "unit_price": "$1.76 per 100g"},
{"product_name": "Great Ocean Road Fresh Full Cream Milk | 1L", "price": "$2.90", "unit_price": "$2.90 per 1L"},
{"product_name": "Oatly Oat Milk Barista Edition | 1L", "price": "$5.50", "unit_price": "$5.50 per 1L"},
{"product_name": "Activia Low Fat Field Berries Yoghurt 4x125g | 500g", "price": "$4.50", "unit_price": "$0.90 per 100g"},
{"product_name": "Perfect Italiano Dairy Cheese Extra Sharp Grated Parmesan | 125g", "price": "$4.50", "unit_price": "$36.00 per 1kg"},
{"product_name": "Thomson's Deli Short Cut Bacon | 1.25kg", "price": "$15.00", "unit_price": "$12.00 per 1kg"},
{"product_name": "Latina Fresh Veal Tortellini | 625g", "price": "$11.00", "unit_price": "$1.76 per 100g"},
{"product_name": "Bega Dairy Stringers Original Cheese 12 Pack | 240g", "price": "$9.20", "unit_price": "$38.33 per 1kg"},
{"product_name": "Pace Farm Natural Living Eggs Free Range 12 pack | 800g", "price": "$8.40", "unit_price": "$1.05 per 100g"},
{"product_name": "Bulla Light Sour Cream | 200mL", "price": "$3.70", "unit_price": "$1.85 per 100mL"},
{"product_name": "Big M Strawberry Flavoured Milk | 300mL", "price": "$2.30", "unit_price": "$7.67 per 1L"},
{"product_name": "Mil Lel Shaved Parmesan | 170g", "price": "$6.90", "unit_price": "$40.59 per 1kg"},
{"product_name": "Coles Cheesey Peelers 8x20g | 160g", "price": "$4.80", "unit_price": "$30.00 per 1kg"},
{"product_name": "Philadelphia Soft Cream Cheese Tub | 250g", "price": "$4.50", "unit_price": "$18.00 per 1kg"},
{"product_name": "Perfect Italiano Shaved Parmesan | 125g", "price": "$4.50", "unit_price": "$36.00 per 1kg"},
{"product_name": "Rokeby Farms Smoothie Dutch Chocolate | 425mL", "price": "$3.50", "unit_price": "$8.24 per 1L"},
{"product_name": "Coles Deli Fromager D'Affinois | approx 200g", "price": "$12.00", "unit_price": "$60.00 per 1kg"},
{"product_name": "Farmers Union Light Greek Style Natural Yoghurt | 1kg", "price": "$6.50", "unit_price": "$0.65 per 100g"},
{"product_name": "Pauls Zymil Regular Thickened Cream | 300mL", "price": "$4.00", "unit_price": "$1.33 per 100mL"},
{"product_name": "Big M Double Chocolate Flavoured Milk | 750mL", "price": "$3.70", "unit_price": "$4.93 per 1L"},
{"product_name": "Black Swan Avocado Dip | 200g", "price": "$3.50", "unit_price": "$1.75 per 100g"},
{"product_name": "Sanitarium So Good Long Life No Added Sugar Oat Milk | 1L", "price": "$2.80", "unit_price": "$2.80 per 1L"},
{"product_name": "Vaalia Kids Pouch Yoghurt Blueberry | 140g", "price": "$2.40", "unit_price": "$1.71 per 100g"},
{"product_name": "Bega Strong & Bitey Vintage Cheese Slices 15x250g | 250g", "price": "$7.50", "unit_price": "$30.00 per 1kg"},
{"product_name": "Coles Dairy Spread Olive Oil | 500g", "price": "$3.80", "unit_price": "$0.76 per 100g"},
{"product_name": "Great Ocean Road Full Cream Milk | 3L", "price": "$6.30", "unit_price": "$2.10 per 1L"},
{"product_name": "Big M Strawberry Flavoured Milk | 2L", "price": "$6.00", "unit_price": "$3.00 per 1L"},
{"product_name": "Dairy Farmers Thick & Creamy Yoghurt Vanilla | 600g", "price": "$5.50", "unit_price": "$0.92 per 100g"},
{"product_name": "Pura Thick Cream | 300mL", "price": "$4.20", "unit_price": "$1.40 per 100mL"},
{"product_name": "Dare Triple Espresso Robusta & Arabica Iced Coffee | 500mL", "price": "$3.80", "unit_price": "$7.60 per 1L"},
{"product_name": "Coles Australian Smokey Individually Wrapped Slices 12 Pack | 250g", "price": "$3.50", "unit_price": "$14.00 per 1kg"},
{"product_name": "Latina Fresh Ricotta & Spinach Agnolotti | 625g", "price": "$11.00", "unit_price": "$1.76 per 100g"},
{"product_name": "Pauls Skinny Milk | 2L", "price": "$5.40", "unit_price": "$2.70 per 1L"},
{"product_name": "Sanitarium So Good Long Life Original Almond Milk | 1L", "price": "$2.90", "unit_price": "$2.90 per 1L"},
{"product_name": "Meadow Lea Original Margarine Spread | 500g", "price": "$5.00", "unit_price": "$1.00 per 100g"},
{"product_name": "Black Swan Hommus Dip | 200g", "price": "$3.50", "unit_price": "$1.75 per 100g"},
{"product_name": "Sunny Queen Free Range Big Brekkie Browns Eggs 12 pack | 820g", "price": "$8.60", "unit_price": "$1.05 per 100g"},
{"product_name": "Coles Dairy Cheese Slices Processed Lite 24 Pack | 500g", "price": "$4.75", "unit_price": "$9.50 per 1kg"},
{"product_name": "Yumi's Kalamata Olive Dip | 200g", "price": "$4.50", "unit_price": "$2.25 per 100g"},
{"product_name": "Primo Manuka Honey Leg Ham | 100g", "price": "$3.70", "unit_price": "$37.00 per 1kg"},
{"product_name": "Vitasoy Regular Soy Milk | 1L", "price": "$2.85", "unit_price": "$2.85 per 1L"},
{"product_name": "Gippsland Dairy Blueberry Twist Yoghurt | 700g", "price": "$7.90", "unit_price": "$1.13 per 100g"},
{"product_name": "Coles Sour Cream | 500g", "price": "$4.20", "unit_price": "$0.84 per 100g"},
{"product_name": "Devondale Semi Skim Long Life Milk | 1L", "price": "$2.20", "unit_price": "$2.20 per 1L"},
{"product_name": "Farmers Union Greek Style Vanilla Yoghurt | 950g", "price": "$6.50", "unit_price": "$0.68 per 100g"},
{"product_name": "Olive Grove Classic Olive Oil Margarine Tub | 500g", "price": "$5.65", "unit_price": "$1.13 per 100g"},
{"product_name": "Primo Sliced Turkey Breast | 80g", "price": "$3.70", "unit_price": "$46.25 per 1kg"},
{"product_name": "The Complete Dairy High Protein Light Milk | 1L", "price": "$3.60", "unit_price": "$3.60 per 1L"},
{"product_name": "Yoplait Petit Miam Vanilla Yoghurt Pouch | 70g", "price": "$0.95", "unit_price": "$1.36 per 100g"},
{"product_name": "Western Star Original Salted Butter | 250g", "price": "$4.00", "unit_price": "$1.60 per 100g"},
{"product_name": "Coles Dairy Cheese Tasty | 1kg", "price": "$13.90", "unit_price": "$13.90 per 1kg"},
{"product_name": "Latina Fresh Beef Ravioli | 375g", "price": "$8.00", "unit_price": "$2.13 per 100g"},
{"product_name": "Dare No Added Sugar Double Espresso Flavoured Milk | 750mL", "price": "$3.90", "unit_price": "$5.20 per 1L"},
{"product_name": "Primo Chicken Breast Thinly Sliced | 80g", "price": "$3.70", "unit_price": "$46.25 per 1kg"},
{"product_name": "Farmers Union Regular Greek Yoghurt 4 pack | 640g", "price": "$6.00", "unit_price": "$0.94 per 100g"},
{"product_name": "Hunt & Brew Creamy Milk | 1L", "price": "$3.95", "unit_price": "$3.95 per 1L"},
{"product_name": "Primo Gluten Free Thinly Sliced Double Smoked Leg Ham | 100g", "price": "$3.70", "unit_price": "$37.00 per 1kg"},
{"product_name": "Coles Dairy Cheese Brie Wrapped | 125g", "price": "$3.00", "unit_price": "$24.00 per 1kg"},
{"product_name": "Thomson's Deli Cooking Bacon | 1kg", "price": "$9.50", "unit_price": "$9.50 per 1kg"},
{"product_name": "Mainland Butter Soft Salt Reduced Spreadable Butter | 375g", "price": "$8.00", "unit_price": "$2.13 per 100g"},
{"product_name": "Pace Farm Liberty Cage Free Eggs 15 Pack | 885g", "price": "$7.60", "unit_price": "$0.86 per 100g"},
{"product_name": "Thomson's Deli Honey Ham Sliced Quad Pack | 400g", "price": "$6.50", "unit_price": "$16.25 per 1kg"},
{"product_name": "Pauls Smarter White Milk | 2L", "price": "$4.85", "unit_price": "$2.43 per 1L"},
{"product_name": "Dare Double Espresso Iced Coffee | 750mL", "price": "$3.90", "unit_price": "$5.20 per 1L"},
{"product_name": "Pauls Rev Low Fat Milk | 2L", "price": "$5.30", "unit_price": "$2.65 per 1L"},
{"product_name": "Lurpak Spreadable Slightly Salted | 400g", "price": "$7.50", "unit_price": "$1.88 per 100g"},
{"product_name": "The Laughing Cow Cheese Spread | 128g", "price": "$5.00", "unit_price": "$39.06 per 1kg"},
{"product_name": "Coles Natural Pot Set Yoghurt | 1kg", "price": "$4.50", "unit_price": "$0.45 per 100g"},
{"product_name": "Black Swan Tzatziki Dip | 200g", "price": "$3.50", "unit_price": "$1.75 per 100g"},
{"product_name": "Western Star Chef's Choice Unsalted Cultured Butter | 500g", "price": "$8.00", "unit_price": "$1.60 per 100g"},
{"product_name": "Coles Dairy Butter Pat | 500g", "price": "$6.90", "unit_price": "$1.38 per 100g"},
{"product_name": "Vaalia Kids Strawberry Yoghurt Pouch | 140g", "price": "$2.40", "unit_price": "$1.71 per 100g"},
{"product_name": "Western Star Original Salted Butter Pat | 500g", "price": "$8.00", "unit_price": "$1.60 per 100g"},
{"product_name": "Yakult Fermented Probiotic Milk 5 pack | 65mL", "price": "$4.00", "unit_price": "$12.31 per 1L"},
{"product_name": "Primo Gluten Free Thinly Sliced Champagne Leg Ham | 100g", "price": "$3.70", "unit_price": "$37.00 per 1kg"},
{"product_name": "Farmers Union Yogurt Natural Greek Style | 240g", "price": "$3.10", "unit_price": "$1.29 per 100g"},
{"product_name": "Pauls Zymil Low Fat Milk | 2L", "price": "$6.80", "unit_price": "$3.40 per 1L"},
{"product_name": "Bulla Light Thickened Cooking Cream | 300mL", "price": "$2.95", "unit_price": "$0.98 per 100mL"},
{"product_name": "Yoplait Petit Miam Mango Yoghurt Pouch | 70g", "price": "$0.95", "unit_price": "$1.36 per 100g"},
{"product_name": "Coles Nature's Kitchen Firm Tofu | 300g", "price": "$2.30", "unit_price": "$0.77 per 100g"},
{"product_name": "Tamar Valley Greek Yoghurt | 1kg", "price": "$8.00", "unit_price": "$0.80 per 100g"},
{"product_name": "Coles Dairy Shredded Parmesan Cheese | 250g", "price": "$6.15", "unit_price": "$24.60 per 1kg"},
{"product_name": "Coles Spread Regular | 1kg", "price": "$3.50", "unit_price": "$0.35 per 100g"},
{"product_name": "Coles Light Greek Style Yoghurt | 1kg", "price": "$4.40", "unit_price": "$0.44 per 100g"},
{"product_name": "Hunt & Brew Extra Creamy Milk | 1L", "price": "$3.95", "unit_price": "$3.95 per 1L"},
{"product_name": "Coles Swiss Style Cheese Slices | 200g", "price": "$5.00", "unit_price": "$25.00 per 1kg"},
{"product_name": "Yakult Fermented Light Probiotic Milk 5 Pack | 65mL", "price": "$4.00", "unit_price": "$12.31 per 1L"},
{"product_name": "Pauls Farmhouse Gold Cream On Top Milk | 1.5L", "price": "$4.40", "unit_price": "$2.93 per 1L"},
{"product_name": "Coles Bacon Streaky | 200g", "price": "$6.40", "unit_price": "$32.00 per 1kg"},
{"product_name": "Nuttelex Original Spread | 500g", "price": "$5.20", "unit_price": "$1.04 per 100g"},
{"product_name": "Pura Full Cream Milk | 1L", "price": "$2.80", "unit_price": "$2.80 per 1L"},
{"product_name": "Don Footy Franks Skinless | 435g", "price": "$7.00", "unit_price": "$16.09 per 1kg"},
{"product_name": "Coles Lactose Free Lite Milk | 1L", "price": "$3.10", "unit_price": "$3.10 per 1L"},
{"product_name": "Good Yolk Co Cage Free Eggs 12 Pack | 700g", "price": "$5.75", "unit_price": "$0.82 per 100g"},
{"product_name": "Bulla Creamy Australian Style Yoghurt Strawberry | 160g", "price": "$1.20", "unit_price": "$0.75 per 100g"},
{"product_name": "Vitasoy Oat Yogurt Blueberry | 140g", "price": "$3.00", "unit_price": "$2.14 per 100g"},
{"product_name": "Vitasoy UHT Oat Milk | 1L", "price": "$1.65", "unit_price": "$1.65 per 1L"},
{"product_name": "Yoplait Petit Miam Blueberry Yoghurt Squeezie Pouch | 70g", "price": "$0.95", "unit_price": "$1.36 per 100g"},
{"product_name": "Coles Cheese Shredded Tasty Light | 700g", "price": "$10.00", "unit_price": "$14.29 per 1kg"},
{"product_name": "Pauls Zymil Gluten free & lactose Free Full Cream Milk | 2L", "price": "$6.80", "unit_price": "$3.40 per 1L"},
{"product_name": "Coles Dairy Spicy Capsicum Dip | 200g", "price": "$2.40", "unit_price": "$1.20 per 100g"},
{"product_name": "Coles Pizza Blend Shredded Cheese | 700g", "price": "$10.00", "unit_price": "$14.29 per 1kg"},
{"product_name": "Coles Light Thickened Cream | 300mL", "price": "$2.80", "unit_price": "$0.93 per 100mL"},
{"product_name": "Sunny Queen Free Range X-large Eggs 30 Pack | 1.75kg", "price": "$17.50", "unit_price": "$1.00 per 100g"},
{"product_name": "Chobani Greek Yogurt Natural Light | 907g", "price": "$6.30", "unit_price": "$0.69 per 100g"},
{"product_name": "Jalna Pot Set Greek Style Natural Yoghurt | 2kg", "price": "$13.00", "unit_price": "$0.65 per 100g"},
{"product_name": "Primo English Sliced Ham | 100g", "price": "$3.70", "unit_price": "$37.00 per 1kg"},
{"product_name": "Pauls Zymil Low Fat Milk | 1L", "price": "$3.90", "unit_price": "$3.90 per 1L"},
{"product_name": "Sanitarium So Good Long Life Unsweetened Almond Milk | 1L", "price": "$2.90", "unit_price": "$2.90 per 1L"},
{"product_name": "Coles Lactose Free UHT Low Fat Milk | 1L", "price": "$2.00", "unit_price": "$2.00 per 1L"},
{"product_name": "Bega Tasty Natural Cheese Slices 15 pack | 250g", "price": "$7.50", "unit_price": "$30.00 per 1kg"},
{"product_name": "Lurpak Slightly Salted Spreadable Tub | 250g", "price": "$5.50", "unit_price": "$2.20 per 100g"},
{"product_name": "Perfect Italiano Grated Parmesan | 125g", "price": "$4.50", "unit_price": "$36.00 per 1kg"},
{"product_name": "Devondale Full Cream Milk | 2L", "price": "$4.40", "unit_price": "$2.20 per 1L"},
{"product_name": "Bulla Sour Cream | 200mL", "price": "$3.70", "unit_price": "$1.85 per 100mL"},
{"product_name": "Coles Unsalted Butter | 250g", "price": "$4.30", "unit_price": "$1.72 per 100g"},
{"product_name": "Coles Light Sour Cream | 300g", "price": "$3.25", "unit_price": "$1.08 per 100g"},
{"product_name": "Coles Salted Butter | 250g", "price": "$3.70", "unit_price": "$1.48 per 100g"},
{"product_name": "A2 Light Fat Milk | 1L", "price": "$3.90", "unit_price": "$3.90 per 1L"},
{"product_name": "Coles Lactose Free Long Life Full Cream Milk | 1L", "price": "$2.00", "unit_price": "$2.00 per 1L"},
{"product_name": "Coles Drink Soy Regular | 1L", "price": "$1.15", "unit_price": "$1.15 per 1L"},
{"product_name": "Bega Dairy Natural Tasty Cheese Slices 30 Pack | 500g", "price": "$11.00", "unit_price": "$22.00 per 1kg"},
{"product_name": "Josh's Rainbow Free Range Eggs 12 Pack | 700g", "price": "$8.60", "unit_price": "$1.23 per 100g"},
{"product_name": "Pace Farm Free Range Natural Living Extra Large Eggs 12 pack | 700g", "price": "$7.15", "unit_price": "$1.02 per 100g"},
{"product_name": "Yumi's Middle Eastern Hommus Dip | 200g", "price": "$4.50", "unit_price": "$2.25 per 100g"},
{"product_name": "Farmers Union Greek Style Natural Yoghurt | 500g", "price": "$5.00", "unit_price": "$1.00 per 100g"},
{"product_name": "Perfect Italiano Perfect Pizza Grated Cheese | 450g", "price": "$9.50", "unit_price": "$21.11 per 1kg"},
{"product_name": "Dairy Farmers Heart Active Milk | 1L", "price": "$3.90", "unit_price": "$3.90 per 1L"},
{"product_name": "Coles Lite Milk Bottle | 1L", "price": "$1.70", "unit_price": "$1.70 per 1L"},
{"product_name": "Coles Cheese Shredded Tasty | 700g", "price": "$10.00", "unit_price": "$14.29 per 1kg"},
{"product_name": "Western Star Traditional Spreadable Butter Blend | 500g", "price": "$7.00", "unit_price": "$1.40 per 100g"},
{"product_name": "Coles Free Range Eggs 12 Pack | 600g", "price": "$5.20", "unit_price": "$0.87 per 100g"},
{"product_name": "Coles Thickened Cream | 300mL", "price": "$2.80", "unit_price": "$0.93 per 100mL"},
{"product_name": "Coles Thickened Cream | 600mL", "price": "$4.50", "unit_price": "$0.75 per 100mL"},
{"product_name": "A2 Dairy Full Cream Milk | 2L", "price": "$6.90", "unit_price": "$3.45 per 1L"},
{"product_name": "Coles Australian Full Cream Long Life Milk | 1L", "price": "$1.70", "unit_price": "$1.70 per 1L"},
{"product_name": "Coles Dairy Full Cream Milk | 1L", "price": "$1.70", "unit_price": "$1.70 per 1L"},
{"product_name": "Coles Lite Reduced Fat Milk | 3L", "price": "$4.80", "unit_price": "$1.60 per 1L"},
{"product_name": "Coles Cage Free Eggs 12 Pack | 700g", "price": "$5.00", "unit_price": "$0.71 per 100g"},
{"product_name": "Coles Lite Reduced Fat Milk | 2L", "price": "$3.30", "unit_price": "$1.65 per 1L"},
{"product_name": "Coles Free Range Eggs 12 Pack | 700g", "price": "$5.60", "unit_price": "$0.80 per 100g"},
{"product_name": "Coles Full Cream Milk | 2L", "price": "$3.30", "unit_price": "$1.65 per 1L"},
{"product_name": "Cheer Plant Based Sliced Cheese | 200g", "price": "$5.00", "unit_price": "$25.00 per 1kg"},
{"product_name": "Siggi's Yoghurt Raspberry | 125g", "price": "$2.00", "unit_price": "$1.60 per 100g"},
{"product_name": "Vegie Delights Plant Based Vegie Sausages | 300g", "price": "$7.50", "unit_price": "$2.50 per 100g"},
{"product_name": "Yoplait Strawberry Yoghurt | 1kg", "price": "$4.90", "unit_price": "$0.49 per 100g"},
{"product_name": "Latina Fresh Beef Ravioli | 625g", "price": "$11.00", "unit_price": "$1.76 per 100g"},
{"product_name": "Veef Plant Based Premium Beef Burger | 240g", "price": "$8.50", "unit_price": "$3.54 per 100g"},
{"product_name": "Cheer Tasty Cheese Slices | 500g", "price": "$11.00", "unit_price": "$22.00 per 1kg"},
{"product_name": "Yoplait Vanilla Yoghurt | 1kg", "price": "$4.90", "unit_price": "$0.49 per 100g"},
{"product_name": "Farmers Union Greek Style Natural Yoghurt | 1kg", "price": "$6.50", "unit_price": "$0.65 per 100g"},
{"product_name": "Cheer Tasty Cheese Slices | 250g", "price": "$8.00", "unit_price": "$32.00 per 1kg"}
]