[
{"product_name": "Cheezels Original Cheese Snacks | 125g", "price": "$3.25", "unit_price": "$2.60 per 100g"},
{"product_name": "Sakata Plain Rice Crackers Gluten Free | 100g", "price": "$2.75", "unit_price": "$2.75 per 100g"},
{"product_name": "Snickers Chocolate Bar Peanuts Caramel Nougat | 44g", "price": "$1.10", "unit_price": "$2.50 per 100g"},
{"product_name": "Coles Basmati Rice | 1kg", "price": "$4.00", "unit_price": "$0.40 per 100g"},
{"product_name": "Coles White Sugar | 2kg", "price": "$2.85", "unit_price": "$0.14 per 100g"},
{"product_name": "Sanitarium Up&Go Choc Ice Cereal 6X250mL | 1.5L", "price": "$9.85", "unit_price": "$6.57 per 1L"},
{"product_name": "Mcvities Digestives Biscuits Dark Chocolate | 266g", "price": "$4.40", "unit_price": "$1.65 per 100g"},
{"product_name": "Peckish Original Rice Crackers | 90g", "price": "$1.50", "unit_price": "$1.67 per 100g"},
{"product_name": "MasterFoods Tomato Sauce | 500mL", "price": "$3.80", "unit_price": "$0.76 per 100mL"},
{"product_name": "Arnott's Shapes Crimpy Chicken | 175g", "price": "$2.00", "unit_price": "$1.14 per 100g"},
{"product_name": "Coles White Plain Flour | 1Kg", "price": "$1.40", "unit_price": "$1.40 per 1kg"},
{"product_name": "Maharajah's Choice Calico Basmati Rice | 5kg", "price": "$23.00", "unit_price": "$0.46 per 100g"},
{"product_name": "Coles White Plain Flour | 2kg", "price": "$2.75", "unit_price": "$1.38 per 1kg"},
{"product_name": "Cobs Sweet & Salty Gluten Free Popcorn | 120g", "price": "$3.50", "unit_price": "$2.92 per 100g"},
{"product_name": "Arnott's Shapes Original Pizza | 190g", "price": "$2.00", "unit_price": "$1.05 per 100g"},
{"product_name": "Smith's Crinkle BBQ Potato Chips | 170g", "price": "$4.80", "unit_price": "$2.82 per 100g"},
{"product_name": "Coles Chick Peas | 420g", "price": "$1.10", "unit_price": "$2.62 per 1kg"},
{"product_name": "The Natural Confectionery Co. Party Mix Lollies | 220g", "price": "$2.80", "unit_price": "$1.27 per 100g"},
{"product_name": "Dolmio Extra Tomato, Onion & Roast Garlic Pasta Sauce | 500g", "price": "$4.30", "unit_price": "$0.86 per 100g"},
{"product_name": "Smiths Fun Mix Variety Multi Pot Chips | 375g", "price": "$8.90", "unit_price": "$2.37 per 100g"},
{"product_name": "Maggi 2 Minute Instant Noodles Chicken Flavour 5 Pack | 360g", "price": "$4.00", "unit_price": "$1.11 per 100g"},
{"product_name": "Sour Patch Kids Lollies | 190g", "price": "$2.80", "unit_price": "$1.47 per 100g"},
{"product_name": "Cadbury Cherry Ripe Chocolate Bar | 52g", "price": "$2.00", "unit_price": "$3.85 per 100g"},
{"product_name": "Cadbury Dairy Milk Large Chocolate Block | 360g", "price": "$6.00", "unit_price": "$1.67 per 100g"},
{"product_name": "Monetta Wafers Vanilla Or Chocolate Hazelnut | 350g", "price": "$5.50", "unit_price": "$1.57 per 100g"},
{"product_name": "Mcvities Digestives Tops Biscuits Milk Chocolate | 100g", "price": "$2.00", "unit_price": "$2.00 per 100g"},
{"product_name": "Red Rock Deli Sea Salt & Bal Vinegar Potato Chips | 165g", "price": "$4.40", "unit_price": "$2.67 per 100g"},
{"product_name": "Arnott's Salada Original Crispbread | 250g", "price": "$4.00", "unit_price": "$1.60 per 100g"},
{"product_name": "Mcvities Digestives Biscuits Plain | 355g", "price": "$4.40", "unit_price": "$1.24 per 100g"},
{"product_name": "Cadbury Dairy Milk Chocolate Block | 180g", "price": "$3.85", "unit_price": "$2.14 per 100g"},
{"product_name": "Arnott's Tim Tam Original Chocolate Biscuits | 200g", "price": "$3.50", "unit_price": "$1.75 per 100g"},
{"product_name": "Thins Original Potato Chips | 175g", "price": "$2.35", "unit_price": "$1.34 per 100g"},
{"product_name": "Thins Light & Tangy Potato Chips | 175g", "price": "$2.35", "unit_price": "$1.34 per 100g"},
{"product_name": "Monetta Wafers Chocolate | 350g", "price": "$5.50", "unit_price": "$1.57 per 100g"},
{"product_name": "Coles Lemon Juice | 500mL", "price": "$1.65", "unit_price": "$0.03 per 10mL"},
{"product_name": "Coles Cornflour | 300g", "price": "$1.35", "unit_price": "$4.50 per 1kg"},
{"product_name": "Sanitarium Up&Go Vanilla Ice Cereal 6X250mL | 1.5L", "price": "$9.85", "unit_price": "$6.57 per 1L"},
{"product_name": "Capilano Pure Honey Squeeze | 500g", "price": "$8.60", "unit_price": "$1.72 per 100g"},
{"product_name": "Nice & Natural Trail Mix Nut Bars | 192g", "price": "$5.00", "unit_price": "$2.60 per 100g"},
{"product_name": "Doritos Corn Chips Nacho Cheese Share Pack | 170g", "price": "$2.40", "unit_price": "$1.41 per 100g"},
{"product_name": "Nutella Hazelnut Chocolate Spread | 750g", "price": "$10.50", "unit_price": "$1.40 per 100g"},
{"product_name": "Eclipse Spearmint Sugar Free Mints Tin | 40g", "price": "$3.50", "unit_price": "$8.75 per 100g"},
{"product_name": "Arnotts Tim Tam Deluxe Chocolate Biscuits Triple Choc | 175g", "price": "$4.75", "unit_price": "$2.71 per 100g"},
{"product_name": "Mcvitie's Digestives Tops Raspberry Biscuits | 100g", "price": "$2.00", "unit_price": "$2.00 per 100g"},
{"product_name": "Cadbury Boost Chocolate Bar | 60g", "price": "$2.00", "unit_price": "$3.33 per 100g"},
{"product_name": "Arnott's Tim Tam Double Coat Chocolate Biscuits | 200g", "price": "$3.50", "unit_price": "$1.75 per 100g"},
{"product_name": "Coles Coconut Milk | 400mL", "price": "$0.95", "unit_price": "$0.24 per 100mL"},
{"product_name": "Nice & Natural Chocolate Peanut & Almond Nut Bars | 180g", "price": "$5.00", "unit_price": "$2.78 per 100g"},
{"product_name": "Extra Spearmint Sugar Free Chewing Gum | 64g", "price": "$4.50", "unit_price": "$7.03 per 100g"},
{"product_name": "Coles Minced Garlic | 250g", "price": "$1.25", "unit_price": "$0.05 per 10g"},
{"product_name": "Coles Beans Red Kidney | 420g", "price": "$1.10", "unit_price": "$2.62 per 1kg"},
{"product_name": "Maggi 2 Minute Noodles Masala | 560g", "price": "$4.50", "unit_price": "$0.80 per 100g"},
{"product_name": "Cucina Matese Fusilli No.114 Italian Pasta | 500g", "price": "$2.60", "unit_price": "$0.52 per 100g"},
{"product_name": "Coles Tuna Sweet Chilli | 95g", "price": "$1.10", "unit_price": "$11.58 per 1kg"},
{"product_name": "Sanitarium Up&Go Strawberry Cereal 6X250mL | 1.5L", "price": "$9.85", "unit_price": "$6.57 per 1L"},
{"product_name": "Twisties Cheese Party Size Bag Sharepack | 270g", "price": "$4.00", "unit_price": "$1.48 per 100g"},
{"product_name": "Toblerone Milk Chocolate Bar | 50g", "price": "$1.00", "unit_price": "$2.00 per 100g"},
{"product_name": "Campbell's Real Stock Chicken Stock | 1L", "price": "$4.50", "unit_price": "$0.45 per 100mL"},
{"product_name": "Coles Italian Diced Tomatoes | 800g", "price": "$2.00", "unit_price": "$2.50 per 1kg"},
{"product_name": "Cadbury Dairy Milk Chocolate Roll Pack | 55g", "price": "$2.00", "unit_price": "$3.64 per 100g"},
{"product_name": "Cucina Matese Spaghetti No.113 Italian Pasta | 500g", "price": "$2.60", "unit_price": "$0.52 per 100g"},
{"product_name": "Extra Spearmint Sugar Free Chewing Gum | 27g", "price": "$2.50", "unit_price": "$9.26 per 100g"},
{"product_name": "TCC Coconut Milk | 400mL", "price": "$2.30", "unit_price": "$0.58 per 100mL"},
{"product_name": "Arnott's Marie Plain Biscuits | 250g", "price": "$2.00", "unit_price": "$0.80 per 100g"},
{"product_name": "Coles White Sugar | 1kg", "price": "$1.70", "unit_price": "$0.17 per 100g"},
{"product_name": "Nescafe Hazelnut Latte Coffee Sachets | 10 pack", "price": "$7.60", "unit_price": "$0.76 per 1ea"},
{"product_name": "Extra Peppermint Sugar Free Chewing Gum | 64g", "price": "$4.50", "unit_price": "$7.03 per 100g"},
{"product_name": "Cadbury Dairy Milk Curtis Stones Raspberry & Hazelnut Tart Chocolate Block | 172g", "price": "$2.75", "unit_price": "$1.60 per 100g"},
{"product_name": "Sakata Wholegrain Original Rice Crackers | 90g", "price": "$2.75", "unit_price": "$3.06 per 100g"},
{"product_name": "Doritos Corn Chips Cheese Supreme Flaming Hot | 150g", "price": "$2.40", "unit_price": "$1.60 per 100g"},
{"product_name": "Coles Pesto Basil | 190g", "price": "$1.95", "unit_price": "$1.03 per 100g"},
{"product_name": "Coles Biscuits Scotch Fingers | 250g", "price": "$1.25", "unit_price": "$0.50 per 100g"},
{"product_name": "Majans Bhuja Original Mix | 150g", "price": "$4.50", "unit_price": "$3.00 per 100g"},
{"product_name": "Arnott's Vita-Weat 9 Grain Mgrain Crispbread | 250g", "price": "$4.00", "unit_price": "$1.60 per 100g"},
{"product_name": "Cadbury Dairy Milk Marvellous Creations Jelly Popping Candy Chocolate Block | 190g", "price": "$3.85", "unit_price": "$2.03 per 100g"},
{"product_name": "Annalisa BPA Free Diced Tomatoes | 400g", "price": "$1.70", "unit_price": "$4.25 per 1kg"},
{"product_name": "Oreo Mini Original Cookies Sharepack | 157g", "price": "$4.00", "unit_price": "$2.55 per 100g"},
{"product_name": "Coles Wafer Crackers | 100g", "price": "$2.00", "unit_price": "$2.00 per 100g"},
{"product_name": "Coles Durum Wheat Pasta Penne Rigate | 500g", "price": "$1.00", "unit_price": "$0.20 per 100g"},
{"product_name": "Coles Durum Wheat Pasta Spaghetti | 500g", "price": "$1.00", "unit_price": "$0.20 per 100g"},
{"product_name": "Cadbury Favourites Boxed Chocolate | 520g", "price": "$22.00", "unit_price": "$4.23 per 100g"},
{"product_name": "Coles Durum Wheat Pasta Macaroni | 500g", "price": "$1.00", "unit_price": "$0.20 per 100g"},
{"product_name": "Nescafe Strong Cappuccino Coffee Sachets | 10 pack", "price": "$7.60", "unit_price": "$0.76 per 1ea"},
{"product_name": "Dolmio Extra Bolognese Pasta Sauce | 500g", "price": "$4.30", "unit_price": "$0.86 per 100g"},
{"product_name": "Lifesavers Blackcurrant Pastilles                                                                                                           | 180g", "price": "$4.00", "unit_price": "$2.22 per 100g"},
{"product_name": "Cobs Sweet & Salty Gluten Free Popcorn | 65g", "price": "$4.00", "unit_price": "$6.15 per 100g"},
{"product_name": "Alfa One Pure Rice Bran Oil | 3L", "price": "$16.50", "unit_price": "$0.55 per 100mL"},
{"product_name": "Extra Peppermint Sugar Free Chewing Gum 3x27g | 81g", "price": "$5.50", "unit_price": "$6.79 per 100g"},
{"product_name": "Nice & Natural Real Milk Chocolate Roasted Nut Bars 6 pack | 192g", "price": "$5.00", "unit_price": "$2.60 per 100g"},
{"product_name": "Mission Original White Corn Tortilla Strips | 230g", "price": "$3.50", "unit_price": "$1.52 per 100g"},
{"product_name": "Maltesers Milk Chocolate Snack & Share Bag | 140g", "price": "$2.75", "unit_price": "$1.96 per 100g"},
{"product_name": "Coles Microwave Jasmine Rice | 250g", "price": "$1.75", "unit_price": "$0.70 per 100g"},
{"product_name": "Red Rock Deli Potato Chips Dijon Mustard & Honey | 150g", "price": "$4.40", "unit_price": "$2.93 per 100g"},
{"product_name": "Arnott's Clix Crackers | 250g", "price": "$4.00", "unit_price": "$1.60 per 100g"},
{"product_name": "Cobs Cheddar Cheese Gluten Free Popcorn | 100g", "price": "$3.50", "unit_price": "$3.50 per 100g"},
{"product_name": "Cadbury Twirl Honeycomb Sundae Chocolate Bar | 35g", "price": "$2.00", "unit_price": "$5.71 per 100g"},
{"product_name": "Cadbury Dairy Milk Chocolate Bar | 50g", "price": "$2.00", "unit_price": "$4.00 per 100g"},
{"product_name": "Coles Strawberry Jam | 450g", "price": "$2.50", "unit_price": "$0.56 per 100g"},
{"product_name": "Cadbury Dairy Milk Caramello Koala Chocolate | 35g", "price": "$1.00", "unit_price": "$2.86 per 100g"},
{"product_name": "Coles Vanilla Cream Wafers | 125g", "price": "$0.80", "unit_price": "$0.64 per 100g"},
{"product_name": "Maltesers Milk Chocolate Snack Party Bag | 280g", "price": "$6.50", "unit_price": "$2.32 per 100g"},
{"product_name": "Nestle Kitkat Milk Chocolate Value Share Pack 18 Pieces | 252g", "price": "$6.00", "unit_price": "$2.38 per 100g"},
{"product_name": "Cadbury Crunchie Chocolate bar | 50g", "price": "$2.00", "unit_price": "$4.00 per 100g"},
{"product_name": "Fantastic Snack Size Chicken Noodle Bowl | 85g", "price": "$1.95", "unit_price": "$2.29 per 100g"},
{"product_name": "Nestle KitKat Chunky Packed With Milo Milk Chocolate Bar | 45g", "price": "$1.10", "unit_price": "$2.44 per 100g"},
{"product_name": "Nice & Natural Yoghurt Roasted Nut Bars 6 pack | 192g", "price": "$5.00", "unit_price": "$2.60 per 100g"},
{"product_name": "Darrell Lea Dark Chocolate Liquorice Bullets | 226g", "price": "$3.80", "unit_price": "$1.68 per 100g"},
{"product_name": "Extra Peppermint Sugar Free Chewing Gum | 27g", "price": "$2.50", "unit_price": "$9.26 per 100g"},
{"product_name": "Coles Minced Garlic | 500g", "price": "$2.30", "unit_price": "$0.05 per 10g"},
{"product_name": "Poppin Explosion Triple Butter Popcorn | 100g", "price": "$2.00", "unit_price": "$2.00 per 100g"},
{"product_name": "Coles Microwave Popcorn Butter | 100g", "price": "$0.95", "unit_price": "$0.95 per 100g"},
{"product_name": "Coles Spirals Pasta | 500g", "price": "$0.90", "unit_price": "$0.18 per 100g"},
{"product_name": "Nestle Milkybar Chocolate Milo Block | 160g", "price": "$5.50", "unit_price": "$3.44 per 100g"},
{"product_name": "Nice & Natural Mixed Berry Roasted Nut Bars 6 pack | 192g", "price": "$5.00", "unit_price": "$2.60 per 100g"},
{"product_name": "Red Rock Deli Chef Series Crispy Chicken With Garlic & Sweet Soy | 150g", "price": "$4.40", "unit_price": "$2.93 per 100g"},
{"product_name": "Arnott's Royals Milk Chocolate Biscuits | 200g", "price": "$3.50", "unit_price": "$1.75 per 100g"},
{"product_name": "Pascall Pink and White Marshmallows | 280g", "price": "$3.50", "unit_price": "$1.25 per 100g"},
{"product_name": "Smiths Thinly Cut Light Tangy | 175g", "price": "$3.00", "unit_price": "$1.71 per 100g"},
{"product_name": "Kinder Bueno Chocolate Bar | 43g", "price": "$2.50", "unit_price": "$5.81 per 100g"},
{"product_name": "Edgell Australian Grown Chick Peas | 400g", "price": "$2.20", "unit_price": "$5.50 per 1kg"},
{"product_name": "Coles Corn Flakes | 440g", "price": "$2.10", "unit_price": "$0.48 per 100g"},
{"product_name": "Real Foods Sesame Corn Thins | 150g", "price": "$2.00", "unit_price": "$1.33 per 100g"},
{"product_name": "Coles Durum Wheat Pasta Rigatoni | 500g", "price": "$1.00", "unit_price": "$0.20 per 100g"},
{"product_name": "Lindt Lindor Assorted Chocolate Cornet | 333g", "price": "$12.00", "unit_price": "$3.60 per 100g"},
{"product_name": "Sanitarium Up&Go Banana Cereal 6X250mL | 1.5L", "price": "$9.85", "unit_price": "$6.57 per 1L"},
{"product_name": "Smith's Double Crunch Cheesy Garlic Bread Potato Chips | 150g", "price": "$4.80", "unit_price": "$3.20 per 100g"},
{"product_name": "Arnotts Tim Tam Deluxe Chocolate Biscuits Dark Choc Mint | 175g", "price": "$4.75", "unit_price": "$2.71 per 100g"},
{"product_name": "Grainwaves Sour Cream Chives Sunbites 5 Pack | 110g", "price": "$4.50", "unit_price": "$4.09 per 100g"},
{"product_name": "Majans Bhuja Nut Mix | 140g", "price": "$4.50", "unit_price": "$32.14 per 1kg"},
{"product_name": "Cucina Matese Rigatoni No.117 Italian Pasta | 500g", "price": "$2.60", "unit_price": "$0.52 per 100g"},
{"product_name": "Coles Original Crinkle Cut Potato Chips | 175g", "price": "$2.30", "unit_price": "$1.31 per 100g"},
{"product_name": "Coles Australian Peach Slices In Juice | 410g", "price": "$2.00", "unit_price": "$4.88 per 1kg"},
{"product_name": "Coles Full Cream Evaporated Milk | 385mL", "price": "$2.00", "unit_price": "$5.19 per 1L"},
{"product_name": "Wild Tides Tuna Olive Oil | 95g", "price": "$1.50", "unit_price": "$15.79 per 1kg"},
{"product_name": "Coles Turkish Dried Apricots | 500g", "price": "$6.00", "unit_price": "$12.00 per 1kg"},
{"product_name": "Nestle KitKat Packed With Milo Milk Chocolate Block | 165g", "price": "$5.50", "unit_price": "$3.33 per 100g"},
{"product_name": "Majans Infuzions Veggie Straws Sc & Herbs 5X15g | 75g", "price": "$4.00", "unit_price": "$5.33 per 100g"},
{"product_name": "CSR White Sugar | 2kg", "price": "$3.00", "unit_price": "$0.15 per 100g"},
{"product_name": "Cadbury Dairy Milk Caramello Koala Chocolate Sharepack 12 Pieces | 180g", "price": "$3.00", "unit_price": "$1.67 per 100g"},
{"product_name": "The Natural Confectionery Co. Snakes Lollies | 230g", "price": "$2.80", "unit_price": "$1.22 per 100g"},
{"product_name": "Saxa Cooking Salt | 1kg", "price": "$2.20", "unit_price": "$0.02 per 10g"},
{"product_name": "Nescafe Vanilla Latte Coffee Sachets | 10 pack", "price": "$7.60", "unit_price": "$0.76 per 1ea"},
{"product_name": "Lifesavers Stix Sherbert Fizz Raspberry | 200g", "price": "$4.00", "unit_price": "$2.00 per 100g"},
{"product_name": "Haldirams Nutcracker | 200g", "price": "$3.50", "unit_price": "$1.75 per 100g"},
{"product_name": "Lay's Stax Original | 135g", "price": "$3.00", "unit_price": "$2.22 per 100g"},
{"product_name": "Oreo Milk Chocolate Wafer Sticks Biscuits 10 Pack | 128g", "price": "$2.00", "unit_price": "$1.56 per 100g"},
{"product_name": "Carmans Protein Bars Double Dark Choc | 400g", "price": "$11.90", "unit_price": "$2.98 per 100g"},
{"product_name": "Loacker Gran Pasticceria Tortina Biscuit Original | 126g", "price": "$5.00", "unit_price": "$3.97 per 100g"},
{"product_name": "Bega Crunchy Peanut Butter | 470g", "price": "$5.00", "unit_price": "$1.06 per 100g"},
{"product_name": "Lee Kum Kee Soy Sauce | 500mL", "price": "$4.30", "unit_price": "$0.86 per 100mL"},
{"product_name": "Cobs Gluten Free Sea Salted Caramel Popcorn | 100g", "price": "$3.50", "unit_price": "$3.50 per 100g"},
{"product_name": "Coles Double Strength White Vinegar | 2L", "price": "$2.50", "unit_price": "$0.13 per 100mL"},
{"product_name": "Nongshim Gourmet Spicy Shin Cup Noodle Soup | 68g", "price": "$2.50", "unit_price": "$3.68 per 100g"},
{"product_name": "Haldiram's Aloo Bhujia Snacks | 150g", "price": "$2.30", "unit_price": "$1.53 per 100g"},
{"product_name": "Kellogg's Nutri-Grain Protein Breakfast Cereal | 765g", "price": "$7.50", "unit_price": "$0.98 per 100g"},
{"product_name": "Uncle Tobys Le Snak Tasty Cheese 6 Pack | 132g", "price": "$5.50", "unit_price": "$4.17 per 100g"},
{"product_name": "Vegemite Spread | 220g", "price": "$5.00", "unit_price": "$2.27 per 100g"},
{"product_name": "Arnott's Cruskits Light 97% Fat Free Crispbread | 125g", "price": "$4.00", "unit_price": "$3.20 per 100g"},
{"product_name": "Arnott's Biscuits Kingston | 200g", "price": "$4.00", "unit_price": "$2.00 per 100g"},
{"product_name": "Parker's Baked Pretzels Wheat Original | 200g", "price": "$3.50", "unit_price": "$1.75 per 100g"},
{"product_name": "Arnott's Tim Tam Dark Chocolate Biscuits Â  | 200g", "price": "$3.50", "unit_price": "$1.75 per 100g"},
{"product_name": "Nestle Sweetened Condensed Milk Tube | 170g", "price": "$3.20", "unit_price": "$1.88 per 100g"},
{"product_name": "Cadbury Dairy Milk Caramello Chocolate Bar | 55g", "price": "$2.00", "unit_price": "$3.64 per 100g"},
{"product_name": "Arnott's Milk Coffee Plain Biscuits | 250g", "price": "$2.00", "unit_price": "$0.80 per 100g"},
{"product_name": "Zafarelli Fusilli Pasta No 17 | 500g", "price": "$1.85", "unit_price": "$0.37 per 100g"},
{"product_name": "Nutella Hazelnut Spread With Cocoa | 1kg", "price": "$12.00", "unit_price": "$1.20 per 100g"},
{"product_name": "Carman's Oat Slices Golden Oat And Coconut 5 Pack | 175g", "price": "$5.90", "unit_price": "$3.37 per 100g"},
{"product_name": "Lifesavers Cola Stix Sherbert | 200g", "price": "$4.00", "unit_price": "$2.00 per 100g"},
{"product_name": "Barilla Spaghetti No 5 | 500g", "price": "$3.50", "unit_price": "$0.70 per 100g"},
{"product_name": "Heinz Big Red Tomato Soup Can | 420g", "price": "$2.50", "unit_price": "$0.60 per 100g"},
{"product_name": "Saxa Iodised Cooking Salt | 1kg", "price": "$2.20", "unit_price": "$0.02 per 10g"},
{"product_name": "Cadbury Cherry Ripe Double Dipped Chocolate Bar | 47g", "price": "$2.00", "unit_price": "$4.26 per 100g"},
{"product_name": "Zafarelli Penne Rigati Pasta No 18 | 500g", "price": "$1.85", "unit_price": "$0.37 per 100g"},
{"product_name": "Coles Breadcrumbs | 500g", "price": "$1.70", "unit_price": "$0.03 per 10g"},
{"product_name": "Twisties Collab Donut King | 80g", "price": "$1.35", "unit_price": "$1.69 per 100g"},
{"product_name": "La Espanola Extra Virgin Olive Oil Mild Flavour | 1L", "price": "$22.00", "unit_price": "$2.20 per 100mL"},
{"product_name": "Nescafe Caramel Latte Coffee Sachets | 10 pack", "price": "$7.60", "unit_price": "$0.76 per 1ea"},
{"product_name": "Barilla Pasta Fusilli  | 500g", "price": "$3.50", "unit_price": "$0.70 per 100g"},
{"product_name": "Arnott's Mini Choc Chip Cookies 7 Pack | 175g", "price": "$3.50", "unit_price": "$2.00 per 100g"},
{"product_name": "Coles Tuna Springwater | 425g", "price": "$3.50", "unit_price": "$8.24 per 1kg"},
{"product_name": "Coles Garlic Aioli | 350g", "price": "$3.20", "unit_price": "$0.91 per 100g"},
{"product_name": "Coles Rolled Oats Value Pack | 1.8 kg", "price": "$3.10", "unit_price": "$0.17 per 100g"},
{"product_name": "Smith's Sour Cream And Onion Thinly Cut Potato Chips | 175g", "price": "$3.00", "unit_price": "$1.71 per 100g"},
{"product_name": "Val Verde Passata Cooking Sauce | 700mL", "price": "$2.80", "unit_price": "$0.40 per 100mL"},
{"product_name": "Coles Garlic Powder | 60g", "price": "$2.75", "unit_price": "$0.46 per 10g"},
{"product_name": "Coles Raspberry Jam | 450g", "price": "$2.50", "unit_price": "$0.56 per 100g"},
{"product_name": "Edgell 4 Bean Mix | 400g", "price": "$2.20", "unit_price": "$5.50 per 1kg"},
{"product_name": "Zafarelli Spaghetti No 4 | 500g", "price": "$1.85", "unit_price": "$0.37 per 100g"},
{"product_name": "Zafarelli Lisio Piccolo Pasta No 40  | 500g", "price": "$1.85", "unit_price": "$0.37 per 100g"},
{"product_name": "Coles Microwave Rice Brown | 250g", "price": "$1.75", "unit_price": "$0.70 per 100g"},
{"product_name": "Lindt Lindor Bliss Mix Chocolate Cornet | 333g", "price": "$12.00", "unit_price": "$3.60 per 100g"},
{"product_name": "Pantai Sriracha Chilli Sauce | 435mL", "price": "$4.55", "unit_price": "$1.05 per 100mL"},
{"product_name": "Coles Tuna Chunks In Springwater | 425g", "price": "$4.50", "unit_price": "$10.59 per 1kg"},
{"product_name": "Old El Paso Taco Shells 12 Pack | 156g", "price": "$4.50", "unit_price": "$2.88 per 100g"},
{"product_name": "Sanitarium Weet Bix Breakfast Cereal | 575g", "price": "$4.40", "unit_price": "$0.77 per 100g"},
{"product_name": "Allen's Lollies Party Dawgs | 170g", "price": "$4.00", "unit_price": "$2.35 per 100g"},
{"product_name": "Pringles Minis Multi Pack Original 5 Pack | 95g", "price": "$4.00", "unit_price": "$4.21 per 100g"},
{"product_name": "Coles Sunflower Oil | 750mL", "price": "$3.95", "unit_price": "$0.53 per 100mL"},
{"product_name": "Darrell Lea Big Orange Chocolate Mega Balls | 168g", "price": "$3.80", "unit_price": "$2.26 per 100g"},
{"product_name": "Butterfingers Macadamia Shortbread | 175g", "price": "$3.70", "unit_price": "$2.11 per 100g"},
{"product_name": "Leggo's Tomato Paste 2 Pack | 280g", "price": "$3.50", "unit_price": "$1.25 per 100g"},
{"product_name": "Nestle Carnation Full Cream Evaporated Milk | 340mL", "price": "$3.00", "unit_price": "$8.82 per 1L"},
{"product_name": "Coles Breadsticks Crackers With Sesame Seeds | 125g", "price": "$2.50", "unit_price": "$2.00 per 100g"},
{"product_name": "X-Treme Candy Sour Straps Strawberry | 160g", "price": "$2.40", "unit_price": "$1.50 per 100g"},
{"product_name": "CSR Brown Sugar | 500g", "price": "$2.25", "unit_price": "$0.45 per 100g"},
{"product_name": "Aeroplane Strawberry Jelly Crystals | 85g", "price": "$1.20", "unit_price": "$1.41 per 100g"},
{"product_name": "Kellogg's Coco Pops Chocolatey Breakfast Cereal | 375g", "price": "$7.00", "unit_price": "$1.87 per 100g"},
{"product_name": "Ottogi Jin Ramen Spicy 5x120g | 600g", "price": "$5.95", "unit_price": "$0.99 per 100g"},
{"product_name": "Barilla Bolognese Pasta Sauce | 400g", "price": "$4.60", "unit_price": "$1.15 per 100g"},
{"product_name": "Belvita Chocolate Breakfast Biscuits 6 Pack | 300g", "price": "$3.50", "unit_price": "$1.17 per 100g"},
{"product_name": "Table of Plenty Sharepack Dark Chocolate Mini Rice Cakes | 60g", "price": "$3.40", "unit_price": "$5.67 per 100g"},
{"product_name": "Coles Apricot Date & Almond Muesli | 750g", "price": "$3.10", "unit_price": "$0.41 per 100g"},
{"product_name": "Sour Patch Kids Berry Lollies | 190g", "price": "$2.80", "unit_price": "$1.47 per 100g"},
{"product_name": "Sunrice Thin Original Gluten Free Rice Cakes | 150g", "price": "$2.20", "unit_price": "$1.47 per 100g"},
{"product_name": "Coles Sweet Chilli Sauce | 500mL", "price": "$2.10", "unit_price": "$0.42 per 100mL"},
{"product_name": "Peckish Rice Crackers Tangy BBQ | 90g", "price": "$1.50", "unit_price": "$1.67 per 100g"},
{"product_name": "Coles Beans Cannellini | 420g", "price": "$1.10", "unit_price": "$2.62 per 1kg"},
{"product_name": "Nestle Peppermint Crisp Chocolate Bar | 35g", "price": "$1.10", "unit_price": "$3.14 per 100g"},
{"product_name": "Lindt Lindor Assorted Chocolate Balls Gift Box | 235g", "price": "$20.00", "unit_price": "$8.51 per 100g"},
{"product_name": "Robert Timms Italian Espresso Style Coffee Bags 160g | 28 Pack", "price": "$13.50", "unit_price": "$0.48 per 1ea"},
{"product_name": "Moccona Classic Medium Roast Instant Coffee | 100g", "price": "$11.50", "unit_price": "$11.50 per 100g"},
{"product_name": "Nestle Milo Protein Breakfast Cereal | 535g", "price": "$8.80", "unit_price": "$1.64 per 100g"},
{"product_name": "Mission Deli Style White Corn Strips | 500g", "price": "$6.60", "unit_price": "$1.32 per 100g"},
{"product_name": "Heinz Baked Beans in Tomato Sauce Beans 3 Pack | 300g", "price": "$6.00", "unit_price": "$6.67 per 1kg"},
{"product_name": "Twix Milk Chocolate Caramel Biscuit Party Share Bag 11 Pieces | 159g", "price": "$5.50", "unit_price": "$3.46 per 100g"},
{"product_name": "Eclipse Wrigley Pink Lemonade Chewy Mints Tin | 27g", "price": "$1.60", "unit_price": "$5.93 per 100g"},
{"product_name": "Coles Iodised Table Salt | 500g", "price": "$1.50", "unit_price": "$0.03 per 10g"},
{"product_name": "Nestle Milkybar Chocolate Milo | 38g", "price": "$1.10", "unit_price": "$2.89 per 100g"},
{"product_name": "Sanitarium Up&Go Protein Energize Lqd Breakfast Strawberry 6X250Ml | 1.5L", "price": "$9.85", "unit_price": "$6.57 per 1L"},
{"product_name": "Kettle Sweet Chilli & Sour Cream Potato Chips | 165 gram", "price": "$6.00", "unit_price": "$3.64 per 100g"},
{"product_name": "Nestle Aero Peppermint Chocolate Block | 118g", "price": "$5.50", "unit_price": "$4.66 per 100g"},
{"product_name": "Bounty Secret Centre Biscuits | 132g", "price": "$5.50", "unit_price": "$4.17 per 100g"},
{"product_name": "Extra Strawberry Sugar Free Chewing Gum 3x27g | 81g", "price": "$5.50", "unit_price": "$6.79 per 100g"},
{"product_name": "Dolmio Extra Tomato, Onion & Roast Garlic Salt Reduced Pasta Sauce | 500g", "price": "$4.30", "unit_price": "$0.86 per 100g"},
{"product_name": "Parker's Baked Mini Pretzels | 225g", "price": "$3.50", "unit_price": "$1.56 per 100g"},
{"product_name": "Red Rock Deli Sweet Chilli & Sour Cream Deli Style Crackers | 135g", "price": "$3.50", "unit_price": "$2.59 per 100g"},
{"product_name": "Coles Burrito Tortilla Wraps 10 pack | 400g", "price": "$3.50", "unit_price": "$0.88 per 100g"},
{"product_name": "Coles Special Burger Sauce | 360g", "price": "$3.20", "unit_price": "$0.89 per 100g"},
{"product_name": "Old El Paso Reduced Salt Spice Mix Taco | 30g", "price": "$2.40", "unit_price": "$8.00 per 100g"},
{"product_name": "Arnott's Shapes Nacho Cheese | 160g", "price": "$2.00", "unit_price": "$1.25 per 100g"},
{"product_name": "Smiths Salt & Vinegar Crinkle Potato Chips | 60g", "price": "$2.00", "unit_price": "$3.33 per 100g"},
{"product_name": "Violet Crumble Gluten Free Chocolate Bar | 50g", "price": "$2.20", "unit_price": "$4.40 per 100g"},
{"product_name": "Coles Rosemary Crackers | 170g", "price": "$2.20", "unit_price": "$1.29 per 100g"},
{"product_name": "Jols Refreshing Pastilles Forest Berries | 23g", "price": "$2.00", "unit_price": "$8.70 per 100g"},
{"product_name": "Poppin Butter Microwave Popcorn | 100g", "price": "$2.00", "unit_price": "$2.00 per 100g"},
{"product_name": "Coles Long Grain White Microwave Rice | 250g", "price": "$1.75", "unit_price": "$0.70 per 100g"},
{"product_name": "Chang's Original Fried Noodles | 100g", "price": "$1.70", "unit_price": "$1.70 per 100g"},
{"product_name": "Coles Sweetcorn & Mayonnaise Tuna | 95g", "price": "$1.10", "unit_price": "$11.58 per 1kg"},
{"product_name": "Cadbury Curly Wurly Chocolate Bar | 21.5g", "price": "$0.80", "unit_price": "$3.72 per 100g"},
{"product_name": "Coles Extra Virgin Olive Oil | 1L", "price": "$12.00", "unit_price": "$1.20 per 100mL"},
{"product_name": "Carman's Greek Style Yoghurt & Berry Gourmet Protein Bars 5 pack | 200g", "price": "$7.50", "unit_price": "$3.75 per 100g"},
{"product_name": "Heinz Ketchup Tomato Sauce | 1L", "price": "$6.60", "unit_price": "$0.66 per 100mL"},
{"product_name": "Bonne Maman Strawberry Jam | 370g", "price": "$6.00", "unit_price": "$1.62 per 100g"},
{"product_name": "SPC Canned Regular 4 Pack | 880g", "price": "$6.00", "unit_price": "$6.82 per 1kg"},
{"product_name": "Tostitos Splash Of Lime Tortilla Chips | 175g", "price": "$5.20", "unit_price": "$2.97 per 100g"},
{"product_name": "Harvest Snaps Pea Original Salted | 120g", "price": "$5.00", "unit_price": "$4.17 per 100g"},
{"product_name": "Smiths Red Rooster Taste Icons | 150g", "price": "$4.80", "unit_price": null},
{"product_name": "Jinmailang Ramen Noodle | 1kg", "price": "$2.75", "unit_price": "$2.75 per 1kg"},
{"product_name": "John West Tempters Lemon & Cracked Pepper Tuna | 95g", "price": "$2.70", "unit_price": "$28.42 per 1kg"},
{"product_name": "Coles Squeezy Tomato Paste | 415g", "price": "$2.10", "unit_price": "$0.51 per 100g"},
{"product_name": "CSR White Sugar | 500g", "price": "$1.95", "unit_price": "$0.39 per 100g"},
{"product_name": "Haribo Goldbears | 150g", "price": "$1.75", "unit_price": "$1.17 per 100g"},
{"product_name": "Maggi 2 Minute Instant Noodles Chicken Flavour 12 Pack | 864g", "price": "$10.00", "unit_price": "$1.16 per 100g"},
{"product_name": "Top 20 Variety Potato Chips 20 pack | 375g", "price": "$8.65", "unit_price": "$2.31 per 100g"},
{"product_name": "Kettle Potato Chips Chilli | 300g", "price": "$6.50", "unit_price": "$2.17 per 100g"},
{"product_name": "Uncle Tobys Chewy Bars Choc Chip | 185g", "price": "$5.50", "unit_price": "$2.97 per 100g"},
{"product_name": "Maharajah's Choice Ginger & Garlic Paste | 1kg", "price": "$5.20", "unit_price": "$0.52 per 100g"},
{"product_name": "Goulburn Valley Peaches Slices In Natural Juice | 700g", "price": "$4.60", "unit_price": "$6.57 per 1kg"},
{"product_name": "Kellogg's Nutri Grain Vanilla Malt 25% Less Sugar 450g | 450g", "price": "$4.50", "unit_price": "$1.00 per 100g"},
{"product_name": "Majans Bhuja Crunchy Seasoned Peas | 140g", "price": "$4.50", "unit_price": "$3.21 per 100g"},
{"product_name": "Muscle Nation Custard Bar Choc Fudge Brownie | 60g", "price": "$4.50", "unit_price": "$7.50 per 100g"},
{"product_name": "Arnott's Hundreds & Thousands Biscuits | 200g", "price": "$4.00", "unit_price": "$2.00 per 100g"},
{"product_name": "Barilla Pasta Risoni  | 500g", "price": "$3.50", "unit_price": "$0.70 per 100g"},
{"product_name": "Coles Sweet Chilli & Lime Soy Crisps | 400g", "price": "$6.00", "unit_price": "$15.00 per 1kg"},
{"product_name": "Heinz Seriously Good Spicy Peri Peri Mayonnaise Mayo | 295mL", "price": "$5.50", "unit_price": "$1.86 per 100mL"},
{"product_name": "Barilla Genovese Pesto | 190g", "price": "$5.00", "unit_price": "$2.63 per 100g"},
{"product_name": "Sanitarium Weet-Bix Gluten Free Cereal | 375g", "price": "$4.80", "unit_price": "$1.28 per 100g"},
{"product_name": "Coles Jumbo Unsalted Cashews | 200g", "price": "$4.50", "unit_price": "$22.50 per 1kg"},
{"product_name": "Cornwell's White Vinegar | 2L", "price": "$4.10", "unit_price": "$0.21 per 100mL"},
{"product_name": "Life Savers Fruit Tingles | 150g", "price": "$4.00", "unit_price": "$2.67 per 100g"},
{"product_name": "Coles Pine Nuts | 80g", "price": "$3.95", "unit_price": "$49.38 per 1kg"},
{"product_name": "Cadbury Dairy Milk Black Forest Chocolate Block | 180g", "price": "$3.85", "unit_price": "$2.14 per 100g"},
{"product_name": "Mission Original Burrito 12 Tortillas | 576g", "price": "$3.80", "unit_price": "$0.66 per 100g"},
{"product_name": "Darrell Lea Allsorts Liquorice | 270g", "price": "$3.80", "unit_price": "$1.41 per 100g"},
{"product_name": "Barilla Pasta Spaghettini | 500g", "price": "$3.50", "unit_price": "$0.70 per 100g"},
{"product_name": "San Remo Pasta Curls No 27 | 500g", "price": "$2.95", "unit_price": "$0.59 per 100g"},
{"product_name": "Coles Dijon Mustard | 200g", "price": "$2.90", "unit_price": "$1.45 per 100g"},
{"product_name": "The Natural Confectionery Co. Reduced Sugar Snakes Lollies | 230g", "price": "$2.80", "unit_price": "$1.22 per 100g"},
{"product_name": "Green's Pancake Shake Mix Original | 375g", "price": "$2.80", "unit_price": "$0.75 per 100g"},
{"product_name": "Eclipse Strawberry Sugar Free Mints Tin | 40g", "price": "$3.50", "unit_price": "$8.75 per 100g"},
{"product_name": "Fine Foods Cracked Pepper Wafer Crackers | 100g", "price": "$3.50", "unit_price": "$3.50 per 100g"},
{"product_name": "Coles Quick Oats | 1.8kg", "price": "$3.10", "unit_price": "$0.17 per 100g"},
{"product_name": "Coles Kalamata Pitted Olives In Brine | 345g", "price": "$3.00", "unit_price": "$8.70 per 1kg"},
{"product_name": "Cobs Drizzld Popcorn Sweet Milk Chocolate | 110g", "price": "$3.00", "unit_price": null},
{"product_name": "Natures Kitchen Basil Pesto | 180g", "price": "$3.00", "unit_price": "$1.67 per 100g"},
{"product_name": "Coles Special Burger Pickles | 500g", "price": "$3.00", "unit_price": "$6.00 per 1kg"},
{"product_name": "Cadbury Special Treats Chocolate Sharepack | 180g", "price": "$3.00", "unit_price": "$1.67 per 100g"},
{"product_name": "San Remo Large Pasta Spirals No 53 | 500g", "price": "$2.95", "unit_price": "$0.59 per 100g"},
{"product_name": "Pods Snickers Chocolate Snack & Share Party Bag | 160g", "price": "$2.75", "unit_price": "$1.72 per 100g"},
{"product_name": "Pringles Sour Cream & Onion Stacked Potato Chips | 53g", "price": "$2.50", "unit_price": "$4.72 per 100g"},
{"product_name": "Cadbury Caramilk Chocolate Bar | 45g", "price": "$2.00", "unit_price": "$4.44 per 100g"},
{"product_name": "Red Rock Deli Honey Soy Chicken Potato Chips | 50g", "price": "$2.00", "unit_price": "$4.00 per 100g"},
{"product_name": "Dole Pineapple Pieces In Juice | 227g", "price": "$1.60", "unit_price": "$7.05 per 1kg"},
{"product_name": "M&M's Peanut Milk Chocolate Snack Bag | 46g", "price": "$1.10", "unit_price": "$2.39 per 100g"},
{"product_name": "Uncle Tobys Le Snak Dip & Crackers Tasty Cheese Variety Pack | 264g", "price": "$8.00", "unit_price": "$3.03 per 100g"},
{"product_name": "Uncle Tobys Plus Antioxidant Breakfast Cereal | 675g", "price": "$8.80", "unit_price": "$1.30 per 100g"},
{"product_name": "Skittles Fruits Chewy Lollies Party Share Bag | 200g", "price": "$5.50", "unit_price": "$2.75 per 100g"},
{"product_name": "Lee Kum Kee Panda Brand Oyster Sauce | 510g", "price": "$5.35", "unit_price": "$1.05 per 100g"},
{"product_name": "Nice & Natural Roasted Nut Bar Honeycomb | 6 pack", "price": "$5.00", "unit_price": "$0.83 per 1ea"},
{"product_name": "CC's Original Corn Chips | 175g", "price": "$4.70", "unit_price": "$2.69 per 100g"},
{"product_name": "St Dalfour Strawberry Spread | 284g", "price": "$4.50", "unit_price": "$1.58 per 100g"},
{"product_name": "Leggo's Tomato Squeezy Paste | 400g", "price": "$4.50", "unit_price": "$1.13 per 100g"},
{"product_name": "Malteser Biscuits Original | 110g", "price": "$4.50", "unit_price": "$4.09 per 100g"},
{"product_name": "Extra Strawberry Sugar Free Chewing Gum | 64g", "price": "$4.50", "unit_price": "$7.03 per 100g"},
{"product_name": "Sunbeam Sultanas | 375g", "price": "$4.50", "unit_price": "$12.00 per 1kg"},
{"product_name": "Arnott's Cruskits Rye 97% Fat Free Crispbread | 125g", "price": "$4.00", "unit_price": "$3.20 per 100g"},
{"product_name": "Julies Peanut Butter Sandwich | 180g", "price": "$3.85", "unit_price": "$2.14 per 100g"},
{"product_name": "Darrell Lea Raspberry Twists | 280g", "price": "$3.80", "unit_price": "$1.36 per 100g"},
{"product_name": "Arnott's Mini Wagon Wheels Original Biscuits | 190g", "price": "$3.50", "unit_price": "$1.84 per 100g"},
{"product_name": "Haldirams Samosa | 200g", "price": "$3.50", "unit_price": "$1.75 per 100g"},
{"product_name": "Eclipse Intense Mint Sugar Free Mints Tin | 40g", "price": "$3.50", "unit_price": "$8.75 per 100g"},
{"product_name": "Sanitarium Up&Go Energize Coffee 6x250mL | 1.5L", "price": "$9.85", "unit_price": "$6.57 per 1L"},
{"product_name": "Twinings Earl Grey Tea Bags 100 pack | 200g", "price": "$6.75", "unit_price": "$0.07 per 1ea"},
{"product_name": "Sunrice Medium Grain White Calrose Rice | 2kg", "price": "$6.70", "unit_price": "$0.34 per 100g"},
{"product_name": "Nissin Ramen Kyushu Black Noodle | 530g", "price": "$6.60", "unit_price": "$1.25 per 100g"},
{"product_name": "Coles Almond Meal | 400g", "price": "$6.50", "unit_price": "$16.25 per 1kg"},
{"product_name": "Fountain Tomato Sauce Value Pack Ketchup | 2L", "price": "$6.00", "unit_price": "$0.30 per 100mL"},
{"product_name": "Arnott's Snackright Multipack Cracker Puffs Sour Cream Chives | 100g", "price": "$6.00", "unit_price": "$6.00 per 100g"},
{"product_name": "Jack Links Bbq Beef Jerky | 50g", "price": "$5.50", "unit_price": "$110.00 per 1kg"},
{"product_name": "Kewpie Japanese Dressing Roasted Sesame | 210mL", "price": "$5.20", "unit_price": "$2.48 per 100mL"},
{"product_name": "Poppin Triple Butter Microwave Popcorn | 400g", "price": "$5.00", "unit_price": "$1.25 per 100g"},
{"product_name": "Nutella B-Ready Biscuit Multipack 6x22g | 132g", "price": "$5.00", "unit_price": "$3.79 per 100g"},
{"product_name": "Cadbury Milk Chocolate Baking Chips | 200g", "price": "$5.00", "unit_price": "$2.50 per 100g"},
{"product_name": "Coles Pink Himalayan Fine Salt | 750g", "price": "$4.70", "unit_price": "$0.06 per 10g"},
{"product_name": "Barilla Basilico Pasta Sauce | 400g", "price": "$4.60", "unit_price": "$1.15 per 100g"},
{"product_name": "Nestle Coffee Mate Whitener | 400g", "price": "$4.50", "unit_price": "$1.13 per 100g"},
{"product_name": "Saxa Table Salt Shaker | 750g", "price": "$4.50", "unit_price": "$0.06 per 10g"},
{"product_name": "Indya Crown Basmati Rice | 5kg", "price": "$13.50", "unit_price": "$0.27 per 100g"},
{"product_name": "Carman's Classic Fruit & Nut Muesli Bars 12 pack | 540g", "price": "$10.80", "unit_price": "$2.00 per 100g"},
{"product_name": "Sanitarium Up&Go Liquid Breakfast Vanilla Ice Cereal No Added Sugar 6X250mL | 1.5L", "price": "$9.85", "unit_price": "$6.57 per 1L"},
{"product_name": "Cobram Estate Extra Virgin Olive Oil Light | 375mL", "price": "$9.50", "unit_price": "$2.53 per 100mL"},
{"product_name": "Uncle Tobys Plus Iron Breakfast Cereal | 630g", "price": "$8.80", "unit_price": "$1.40 per 100g"},
{"product_name": "Jinmailang Udon Noodles Chicken Soup | 640g", "price": "$7.95", "unit_price": "$1.20 per 100g"},
{"product_name": "Mission Deli Style Tortilla Rounds | 500g", "price": "$6.60", "unit_price": "$1.32 per 100g"},
{"product_name": "Uncle Tobys Original Oats Quick Sachets 10 pack | 340g", "price": "$6.30", "unit_price": "$1.85 per 100g"},
{"product_name": "Trident Sriracha Sauce | 480mL", "price": "$5.80", "unit_price": "$1.21 per 100mL"},
{"product_name": "Allen's Lollies Large Value Bag Classic Party Mix | 470g", "price": "$5.50", "unit_price": "$1.17 per 100g"},
{"product_name": "Cadbury Old Gold 70% Cocoa Dark Chocolate Block | 180g", "price": "$5.50", "unit_price": "$3.06 per 100g"},
{"product_name": "Carman's Almond Hazelnut & Vanilla Nut Bar | 175g", "price": "$5.50", "unit_price": "$3.14 per 100g"},
{"product_name": "Heritage Mill Clusters Crunchy Nut | 750g", "price": "$5.10", "unit_price": "$0.68 per 100g"},
{"product_name": "Sour Patch Kids Lollies Value Pack | 430g", "price": "$5.00", "unit_price": "$1.16 per 100g"},
{"product_name": "Lenny And Larry's The Complete Cookie Chocolate Chip | 113g", "price": "$5.00", "unit_price": "$4.42 per 100g"},
{"product_name": "Mutti Tomato Passata with Basil | 700g", "price": "$4.80", "unit_price": "$0.69 per 100g"},
{"product_name": "Coles Pancake Shake Mix Buttermilk | 350g", "price": "$1.80", "unit_price": "$0.51 per 100g"},
{"product_name": "Cheetos Puffs | 80g", "price": "$1.35", "unit_price": "$1.69 per 100g"},
{"product_name": "Aeroplane Mango Mania Jelly Crystals | 85g", "price": "$1.20", "unit_price": "$1.41 per 100g"},
{"product_name": "Cucina Matese Whole Peeled Tomatoes | 400g", "price": "$1.20", "unit_price": "$3.00 per 1kg"},
{"product_name": "Milky Way Chocolate Bar Whipped Nougat | 45g", "price": "$1.10", "unit_price": "$2.44 per 100g"},
{"product_name": "Coles Seaweed Rice Crackers | 100g", "price": "$0.90", "unit_price": "$0.90 per 100g"},
{"product_name": "Smith's Snack Mix Variety Multi Chips | 395g", "price": "$8.90", "unit_price": "$2.25 per 100g"},
{"product_name": "Cadbury Favourites Boxed Chocolate | 334g", "price": "$8.00", "unit_price": "$2.40 per 100g"},
{"product_name": "Hellmann's Real Mayonnaise | 400g", "price": "$7.50", "unit_price": "$1.88 per 100g"},
{"product_name": "Lotus Biscoff Smooth Spread | 400g", "price": "$7.50", "unit_price": "$1.88 per 100g"},
{"product_name": "Sanitarium Weet-Bix Cholesterol Lowering Cereal | 440g", "price": "$7.00", "unit_price": "$1.59 per 100g"},
{"product_name": "Nissin Ramen Tokyo Shoyu Noodles 5 Pack | 530g", "price": "$6.60", "unit_price": "$1.25 per 100g"},
{"product_name": "Vege Chips Deli Crisps Purple Sweet Potato | 100g", "price": "$6.50", "unit_price": "$6.50 per 100g"},
{"product_name": "Uncle Tobys Oats Quick Sachets Creamy Honey | 350g", "price": "$6.30", "unit_price": "$1.80 per 100g"},
{"product_name": "Snickers Chocolate Party Share Bag 20 pieces | 300g", "price": "$6.00", "unit_price": "$2.00 per 100g"},
{"product_name": "Coles Potato Chips Crinkle Cut Original 20 pack | 380g", "price": "$5.75", "unit_price": "$1.51 per 100g"},
{"product_name": "Kan Tong Butter Chicken Curry Cooking Sauce | 485g", "price": "$2.80", "unit_price": "$0.58 per 100g"},
{"product_name": "Maggi Instant Noodles Cup Beef Flavour | 58g", "price": "$2.50", "unit_price": "$4.31 per 100g"},
{"product_name": "Coles Sliced Beetroot  | 425g", "price": "$2.35", "unit_price": "$5.53 per 1kg"},
{"product_name": "Coles Crinkle Cut Chicken Potato Chips | 175g", "price": "$2.30", "unit_price": "$1.31 per 100g"},
{"product_name": "Coles Chocolate Mint Supremes Biscuits | 200g", "price": "$2.20", "unit_price": "$1.10 per 100g"},
{"product_name": "Mutti Cherry Tomatoes | 400g", "price": "$2.10", "unit_price": "$5.25 per 1kg"},
{"product_name": "Zafarelli Spirali Pasta No 56 | 500g", "price": "$1.85", "unit_price": "$0.37 per 100g"},
{"product_name": "Coles Asia Udon Noodles | 400g", "price": "$1.85", "unit_price": "$0.46 per 100g"},
{"product_name": "Ritz Snackz Tasty Cheddar Cheese Crackers  | 100g", "price": "$1.50", "unit_price": "$1.50 per 100g"},
{"product_name": "100 Plus Isotonic Drink Can | 325mL", "price": "$1.20", "unit_price": "$3.69 per 1L"},
{"product_name": "Coles Light Coconut Milk | 400mL", "price": "$1.10", "unit_price": "$0.28 per 100mL"},
{"product_name": "Coles Jasmine Rice | 5kg", "price": "$14.00", "unit_price": "$0.28 per 100g"},
{"product_name": "Plumrose Leg Ham | 450g", "price": "$14.00", "unit_price": "$31.11 per 1kg"},
{"product_name": "Nescafe Blend 43 Instant Coffee  | 250g", "price": "$13.00", "unit_price": "$5.20 per 100g"},
{"product_name": "Lindt Lindor Dark Assorted Chocolate Cornet | 327g", "price": "$12.00", "unit_price": "$3.67 per 100g"},
{"product_name": "Moccona Classic Dark Roast Instant Coffee | 100g", "price": "$11.50", "unit_price": "$11.50 per 100g"},
{"product_name": "Cucina Matese Passata | 700g", "price": "$3.50", "unit_price": "$0.50 per 100g"},
{"product_name": "Coles Quick Oats Honey Flavoured Sachets 12 Pack | 420g", "price": "$3.30", "unit_price": "$0.79 per 100g"},
{"product_name": "Cadbury Cherry Ripe Chocolate Sharepack 12 Mini Bars | 180g", "price": "$3.00", "unit_price": "$1.67 per 100g"},
{"product_name": "Sirena Tuna in Springwater | 95g", "price": "$2.95", "unit_price": "$31.05 per 1kg"},
{"product_name": "San Remo Penne Zita Pasta No 20 | 500g", "price": "$2.95", "unit_price": "$0.59 per 100g"},
{"product_name": "Cottees Apricot Jam | 375g", "price": "$2.80", "unit_price": "$0.75 per 100g"},
{"product_name": "Old El Paso Soft Tacos Crispy Chicken Spice Mix Mexican Style | 35g", "price": "$2.40", "unit_price": "$6.86 per 100g"},
{"product_name": "Coles Fruit Salad In Syrup 4 Pack | 480g", "price": "$2.20", "unit_price": "$4.58 per 1kg"},
{"product_name": "Edgell Red Kidney Beans No Added Salt | 400g", "price": "$2.20", "unit_price": "$5.50 per 1kg"},
{"product_name": "Sunrice Original Thick Rice Cakes | 150g", "price": "$2.20", "unit_price": "$1.47 per 100g"},
{"product_name": "Campbell's Real Stock Chicken Stock Salt Reduced | 500mL", "price": "$2.00", "unit_price": "$0.40 per 100mL"},
{"product_name": "CSR Raw Sugar | 500g", "price": "$2.00", "unit_price": "$0.40 per 100g"},
{"product_name": "Kettle Chilli Potato Chips  | 70g", "price": "$2.00", "unit_price": "$2.86 per 100g"},
{"product_name": "Coles Popping Corn Kernels | 400g", "price": "$1.95", "unit_price": "$0.49 per 100g"},
{"product_name": "Coles Ground Black Pepper | 50g", "price": "$1.65", "unit_price": "$0.33 per 10g"},
{"product_name": "Nongshim Gourmet Spicy Shin Ramyun Noodle Soup | 120g", "price": "$1.60", "unit_price": "$1.33 per 100g"},
{"product_name": "Continental Cup A Soup Creamy Chicken with Croutons Serves 2 | 60g", "price": "$2.80", "unit_price": "$4.67 per 100g"},
{"product_name": "Double Phoenix Chinese Cooking Wine | 640mL", "price": "$2.55", "unit_price": "$0.40 per 100mL"},
{"product_name": "Coles Premium Strawberry Jam | 345g", "price": "$2.35", "unit_price": "$0.68 per 100g"},
{"product_name": "Mutti Peeled Whole Tomatoes | 400g", "price": "$2.30", "unit_price": "$5.75 per 1kg"},
{"product_name": "Coles Wholemeal Plain Flour | 1 kg", "price": "$2.25", "unit_price": "$2.25 per 1kg"},
{"product_name": "Savour Spicy Broad Beans | 100g", "price": "$2.00", "unit_price": "$20.00 per 1kg"},
{"product_name": "Fantastic Snack Size Beef Noodle Bowl | 85g", "price": "$1.95", "unit_price": "$2.29 per 100g"},
{"product_name": "Coles Liquid Salt Reduced Real Chicken Stock | 1L", "price": "$1.90", "unit_price": "$0.19 per 100mL"},
{"product_name": "Annalisa Red Kidney Beans | 400g", "price": "$1.90", "unit_price": "$4.75 per 1kg"},
{"product_name": "Suimin Hot & Spicy Noodle Cup | 70g", "price": "$1.85", "unit_price": "$2.64 per 100g"},
{"product_name": "Coles Asia Singapore Noodles | 400g", "price": "$1.85", "unit_price": "$0.46 per 100g"},
{"product_name": "Zafarelli Elicoidali Pasta No 57 | 500g", "price": "$1.85", "unit_price": "$0.37 per 100g"},
{"product_name": "Loacker Quadratini Bite Size Hazelnut Wafers | 125g", "price": "$1.80", "unit_price": "$1.44 per 100g"},
{"product_name": "Wild Tides Tuna Sweet Chilli | 95g", "price": "$1.50", "unit_price": "$15.79 per 1kg"},
{"product_name": "Napolina Red Kidney Beans | 400g", "price": "$1.40", "unit_price": "$3.50 per 1kg"},
{"product_name": "Coles Tangy BBQ Brown Rice Crackers | 100g", "price": "$1.35", "unit_price": "$1.35 per 100g"},
{"product_name": "John West Tempters Sweet Chilli Tuna | 95g", "price": "$2.70", "unit_price": "$28.42 per 1kg"},
{"product_name": "Kinder Bueno White Chocolate Bar | 39g", "price": "$2.50", "unit_price": "$6.41 per 100g"},
{"product_name": "Campbell's Condensed Soup Can Cream Of Chicken | 420g", "price": "$2.20", "unit_price": "$0.52 per 100g"},
{"product_name": "Campbell's Condensed Soup Can Cream Of Mushroom | 420g", "price": "$2.20", "unit_price": "$0.52 per 100g"},
{"product_name": "Mutti Baby Roma Tomatoes | 400g", "price": "$2.10", "unit_price": "$5.25 per 1kg"},
{"product_name": "Savour Wasabi Flavoured Peas | 100g", "price": "$2.00", "unit_price": "$20.00 per 1kg"},
{"product_name": "Red Rock Deli Sea Salt Potato Chips | 50g", "price": "$2.00", "unit_price": "$4.00 per 100g"},
{"product_name": "Poppin Microwave Popcorn Sea Salt | 100g", "price": "$2.00", "unit_price": "$2.00 per 100g"},
{"product_name": "Coles Squeezy Sauce BBQ | 500mL", "price": "$1.95", "unit_price": "$0.39 per 100mL"},
{"product_name": "Safcol Brisling Sardines In Springwater | 110g", "price": "$1.90", "unit_price": "$17.27 per 1kg"},
{"product_name": "Coles Apple Sauce | 375g", "price": "$1.80", "unit_price": "$0.48 per 100g"},
{"product_name": "Coles Organic Wholemeal Spirals | 500g", "price": "$1.65", "unit_price": "$0.33 per 100g"},
{"product_name": "Mentos Mint | 37.5g", "price": "$1.60", "unit_price": "$4.27 per 100g"},
{"product_name": "Coles Organic Beans Chick Peas | 400g", "price": "$1.50", "unit_price": "$3.75 per 1kg"},
{"product_name": "Coles Sesame Snaps 3 Pack | 120g", "price": "$1.50", "unit_price": "$1.25 per 100g"},
{"product_name": "Mutti Polpa Tomatoes Finely Chopped | 210g", "price": "$1.20", "unit_price": "$5.71 per 1kg"},
{"product_name": "Mentos Bubble Fresh | 30g", "price": "$2.20", "unit_price": "$7.33 per 100g"},
{"product_name": "Edgell Corn Kernels | 420g", "price": "$2.20", "unit_price": "$5.24 per 1kg"},
{"product_name": "Coles Asia Egg Noodles Thin | 340g", "price": "$2.15", "unit_price": "$0.63 per 100g"},
{"product_name": "Coles Cumin Seeds Ground | 42g", "price": "$1.85", "unit_price": "$0.44 per 10g"},
{"product_name": "Edgell Corn Kernels | 300g", "price": "$1.70", "unit_price": "$5.67 per 1kg"},
{"product_name": "Bon Bon Grape Drink | 238g", "price": "$1.60", "unit_price": "$0.67 per 100mL"},
{"product_name": "Twisties Zigzags | 65g", "price": "$1.35", "unit_price": "$2.08 per 100g"},
{"product_name": "Oreo Double Stuff Neapolitan Cookies | 131g", "price": "$1.25", "unit_price": "$0.95 per 100g"},
{"product_name": "Aeroplane Cool Lime Jelly Crystals | 85g", "price": "$1.20", "unit_price": "$1.41 per 100g"},
{"product_name": "Coles Tuna Zesty Vinaigrette | 95g", "price": "$1.10", "unit_price": "$11.58 per 1kg"},
{"product_name": "Nestle KitKat Smooth Hazelnut Milk Chocolate Bar | 45g", "price": "$1.10", "unit_price": "$2.44 per 100g"},
{"product_name": "Coles French Onion Soup | 40g", "price": "$0.45", "unit_price": "$1.13 per 100g"},
{"product_name": "Nescafe Gold Original Instant Coffee Jar | 200g", "price": "$15.00", "unit_price": "$7.50 per 100g"},
{"product_name": "Vita Lemon Tea Drink 6x250mL | 6 pack", "price": "$8.00", "unit_price": "$0.53 per 100mL"},
{"product_name": "Uncle Tobys Cheerios Wholegrain Breakfast Cereal | 560g", "price": "$7.50", "unit_price": "$1.34 per 100g"},
{"product_name": "Uncle Tobys Goodness Bowl Low Sugar Muesli Almonds & Cashews | 650g", "price": "$7.00", "unit_price": "$1.08 per 100g"},
{"product_name": "Peckish Rice Crackers Cheeseburger | 90g", "price": "$1.50", "unit_price": "$1.67 per 100g"},
{"product_name": "Seacrown Sardines In Tomato Sauce | 125g", "price": "$0.90", "unit_price": "$7.20 per 1kg"},
{"product_name": "Robert Timms Mocha Kenya Style Coffee Bags 160g | 28 Pack", "price": "$13.50", "unit_price": "$0.48 per 1ea"},
{"product_name": "Moccona Classic Medium Decaffeinated Instant Coffee | 100g", "price": "$12.50", "unit_price": "$12.50 per 100g"},
{"product_name": "M&Ms Milk Chocolate Snack & Share Party Bag | 680g", "price": "$10.00", "unit_price": "$1.47 per 100g"},
{"product_name": "Bulla Creamy Australian Style Yoghurt Strawberry | 160g", "price": "$1.20", "unit_price": "$0.75 per 100g"},
{"product_name": "Carman's Classic Fruit & Nut Muesli | 875g", "price": "$9.50", "unit_price": "$1.09 per 100g"},
{"product_name": "Uncle Tobys Plus Protein Breakfast Cereal | 620g", "price": "$8.80", "unit_price": "$1.42 per 100g"},
{"product_name": "Best Foods Real Mayonnaise Jar | 810g", "price": "$8.50", "unit_price": "$1.05 per 100g"},
{"product_name": "Coles Smooth Hazelnut Spread | 1kg", "price": "$8.00", "unit_price": "$0.80 per 100g"},
{"product_name": "Nescafe Gold 98% Sugar Free Vanilla Malt Latte Sachets | 10 pack", "price": "$7.60", "unit_price": "$0.76 per 1ea"},
{"product_name": "Zooper Dooper No Sugar Ice Water | 24 Pack", "price": "$7.00", "unit_price": "$0.42 per 100mL"},
{"product_name": "Coles Californian Walnuts | 350g", "price": "$7.00", "unit_price": "$2.00 per 100g"},
{"product_name": "Nissin Hokkaido Miso Noodles 5 Pack | 530g", "price": "$6.60", "unit_price": "$1.25 per 100g"},
{"product_name": "Old El Paso Regular Tortillas Fajita 16 Pack | 640g", "price": "$6.50", "unit_price": "$1.02 per 100g"},
{"product_name": "Freedom Classic Active Balance Cranberry & Buckwheat Cereal | 400g", "price": "$5.60", "unit_price": "$1.40 per 100g"},
{"product_name": "Messy Monkeys Chocolate Rice Puff Bar 6x20g | 120g", "price": "$6.00", "unit_price": "$5.00 per 100g"},
{"product_name": "Urban Cookie Co Premium Cookies Coconut Chocolate Chip | 200g", "price": "$5.50", "unit_price": "$2.75 per 100g"},
{"product_name": "Urban Cookie Co Premium Cookies Salted Caramel | 200g", "price": "$5.50", "unit_price": "$2.75 per 100g"},
{"product_name": "Coles Dried Banana Chips | 400g", "price": "$5.50", "unit_price": "$13.75 per 1kg"},
{"product_name": "Cadbury Old Gold Peppermint Dark Chocolate Block | 180g", "price": "$5.50", "unit_price": "$3.06 per 100g"},
{"product_name": "M&Ms Milk Chocolate Party Share Bag 11 Piece | 148g", "price": "$5.50", "unit_price": "$3.72 per 100g"},
{"product_name": "Poppin Butter Microwave Popcorn | 400g", "price": "$5.00", "unit_price": "$1.25 per 100g"},
{"product_name": "Heinz Smokey BBQ Sauce Barbecue Sauce | 500mL", "price": "$5.00", "unit_price": "$1.00 per 100mL"},
{"product_name": "Tyrrells Crinkle Cut Mature Cheddar | 165g", "price": "$4.80", "unit_price": "$2.91 per 100g"},
{"product_name": "Natural Chip Co. Sea Salt Potato Chips | 175g", "price": "$4.70", "unit_price": "$2.69 per 100g"},
{"product_name": "Coles Wheat Biscuits | 1.12 kg", "price": "$4.60", "unit_price": "$0.41 per 100g"},
{"product_name": "Mc Ilhenny Co. Tabasco Sauce | 60mL", "price": "$4.60", "unit_price": "$7.67 per 100mL"},
{"product_name": "Vege Chips BBQ | 100g", "price": "$4.50", "unit_price": "$4.50 per 100g"},
{"product_name": "Vege Crackers Honey Soy Flavoured | 75g", "price": "$4.50", "unit_price": "$6.00 per 100g"},
{"product_name": "Coles Garland Figs 12 Pack | 375g", "price": "$4.40", "unit_price": "$11.73 per 1kg"},
{"product_name": "Dolmio Extra Spicy Pepper Pasta Sauce | 500g", "price": "$4.30", "unit_price": "$0.86 per 100g"},
{"product_name": "Barilla Spaghettoni No 7 | 500g", "price": "$3.50", "unit_price": "$0.70 per 100g"},
{"product_name": "Arnott's Shapes Multipack Crimy Chicken 8 Pack | 200g", "price": "$3.50", "unit_price": "$1.75 per 100g"},
{"product_name": "Coles Organic Apple Cider Vinegar | 500mL", "price": "$3.50", "unit_price": "$0.70 per 100mL"},
{"product_name": "Sunrice Gluten Free Rice & Quinoa Microwave Cups 2 Pack | 250g", "price": "$3.50", "unit_price": "$1.40 per 100g"},
{"product_name": "Leggo's Napoletana with Chunky Tomato & Herbs Pasta Sauce | 490g", "price": "$3.40", "unit_price": "$0.68 per 100g"},
{"product_name": "Golden Days Gluten Free Original Sesame Snaps 3 pack | 120g", "price": "$3.00", "unit_price": "$2.50 per 100g"},
{"product_name": "Cadbury Clinkers Lollies | 160g", "price": "$3.00", "unit_price": "$1.88 per 100g"},
{"product_name": "San Remo Plain Fettuccine Pasta | 500g", "price": "$2.95", "unit_price": "$0.59 per 100g"},
{"product_name": "Tao Kae Noi Hot & Spicy Crispy Seaweed | 32g", "price": "$2.80", "unit_price": "$8.75 per 100g"},
{"product_name": "Coles Baby Capers | 110g", "price": "$2.75", "unit_price": "$25.00 per 1kg"},
{"product_name": "Haldiram's Bhujia Sev Snacks | 150g", "price": "$2.73", "unit_price": "$1.82 per 100g"},
{"product_name": "Wokka Singapore Style Wok Ready Noodles | 440g", "price": "$2.70", "unit_price": "$0.61 per 100g"},
{"product_name": "John West Tempters Tuna Onion & Tomato Savoury Sauce | 95g", "price": "$2.70", "unit_price": "$28.42 per 1kg"},
{"product_name": "King Oscar Sardines in Olive Oil | 105g", "price": "$2.50", "unit_price": "$23.81 per 1kg"},
{"product_name": "Daley Street Medium/Dark Aluminium Nespresso Compatible Coffee Capsules | 10 pack", "price": "$2.50", "unit_price": null},
{"product_name": "Coles Muesli Bars Choc Chips 8 Pack | 248g", "price": "$2.50", "unit_price": "$1.01 per 100g"},
{"product_name": "Coles Oat Bran | 500g", "price": "$2.00", "unit_price": "$0.40 per 100g"},
{"product_name": "OBAP Roasted Seasoned Seaweed 2 Pack | 10g", "price": "$2.00", "unit_price": "$20.00 per 100g"},
{"product_name": "Coles Original Pancake Shake Mix | 350g", "price": "$1.80", "unit_price": "$0.51 per 100g"},
{"product_name": "Chang's Long Life Noodles | 250g", "price": "$1.75", "unit_price": "$0.70 per 100g"},
{"product_name": "J Crackleton  Pork Crackle Original | 40g", "price": "$1.50", "unit_price": "$3.75 per 100g"},
{"product_name": "Valcom Bamboo Shoot Slices | 225g", "price": "$1.40", "unit_price": "$6.22 per 1kg"},
{"product_name": "Mars Lamington Flavoured Chocolate Bar | 47g", "price": "$1.10", "unit_price": "$2.34 per 100g"},
{"product_name": "Coles Crushed Peanuts | 150g", "price": "$1.10", "unit_price": "$7.33 per 1kg"},
{"product_name": "Moccona Classic Dark Roast Instant Coffee | 400g", "price": "$28.00", "unit_price": "$7.00 per 100g"},
{"product_name": "Kellogg's Special K Original Breakfast Cereal with Grain Based Protein | 920g", "price": "$12.00", "unit_price": "$1.30 per 100g"},
{"product_name": "Red Rock Deli Multipack Variety Potato Chips | 10 pack", "price": "$8.90", "unit_price": "$3.18 per 100g"},
{"product_name": "Maggi Instant Noodles Cups Chicken Flavour 4 Pack | 240g", "price": "$8.00", "unit_price": "$3.33 per 100g"},
{"product_name": "Uncle Tobys Cheerios Honey Breakfast Cereal | 520g", "price": "$7.50", "unit_price": "$1.44 per 100g"},
{"product_name": "Carman's Salted Caramel Nut Butter Gourmet Protein Bars 5 pack | 200g", "price": "$7.50", "unit_price": "$3.75 per 100g"},
{"product_name": "Pic's Really Good Smooth Peanut Butter | 380g", "price": "$7.50", "unit_price": "$1.97 per 100g"},
{"product_name": "Pic's Really Good Crunchy Peanut Butter | 380g", "price": "$7.50", "unit_price": "$1.97 per 100g"},
{"product_name": "Nestle KitKat Gold Caramelised White Chocolate Block | 160g", "price": "$5.50", "unit_price": "$3.44 per 100g"},
{"product_name": "Di Leo I Savoiardi Biscuits | 400g", "price": "$5.00", "unit_price": "$1.25 per 100g"},
{"product_name": "Harvest Snaps Pea Salt & Vinegar | 120g", "price": "$5.00", "unit_price": "$4.17 per 100g"},
{"product_name": "Allens Anticol Medicated | 3 pack", "price": "$5.00", "unit_price": "$1.67 per 1ea"},
{"product_name": "Lenny And Larry's The Complete Cookie White Chocolaty Macadamia | 113g", "price": "$5.00", "unit_price": "$4.42 per 100g"},
{"product_name": "Tyrells Potato Chips Crinkle Cut Top Notch BBQ | 165g", "price": "$4.80", "unit_price": "$2.91 per 100g"},
{"product_name": "Vege Chips Rice Crackers Sweet Chilli & Sour Cream | 75g", "price": "$4.50", "unit_price": "$6.00 per 100g"},
{"product_name": "Muscle Nation Protein Custard Bar Caramel Toffee | 60g", "price": "$4.50", "unit_price": "$7.50 per 100g"},
{"product_name": "Coles Soft Icing Mixture | 1 kg", "price": "$4.20", "unit_price": "$0.42 per 100g"},
{"product_name": "Hubba Bubba Bubble Gum Variety | 4 pack", "price": "$4.00", "unit_price": "$2.86 per 100g"},
{"product_name": "Sunrice Family Size Jasmine Rice | 450g", "price": "$4.00", "unit_price": "$0.89 per 100g"},
{"product_name": "Sunrice Indian Aromatic Basmati Family Pack Microwavable Rice | 450g", "price": "$4.00", "unit_price": "$0.89 per 100g"},
{"product_name": "Macy & Tailor Pressed Pretzels Salted | 180g", "price": "$4.00", "unit_price": "$2.22 per 100g"},
{"product_name": "Ben's Original Coconut Chilli & Lemongrass Rice Pouch | 250g", "price": "$4.00", "unit_price": "$1.60 per 100g"},
{"product_name": "Moccona Cafe Classics Cappuccino Sachets | 10 pack", "price": "$3.75", "unit_price": "$0.38 per 1ea"},
{"product_name": "Jelly B Drinkable Konjac Jelly Peach Flavour | 150mL", "price": "$3.65", "unit_price": "$2.43 per 100mL"},
{"product_name": "Arnott's Shapes Multipack Crackers Cheese Vegemite 8 Pack | 200g", "price": "$3.50", "unit_price": "$1.75 per 100g"},
{"product_name": "Lindt Lindor Milk Chocolate Block | 100g", "price": "$3.30", "unit_price": "$3.30 per 100g"},
{"product_name": "Lindt Excellence 95% Cocoa Ultimate Dark Chocolate Block | 80g", "price": "$3.30", "unit_price": "$4.13 per 100g"},
{"product_name": "Ottogi Gochujang Hot Pepper Paste | 170g", "price": "$3.20", "unit_price": "$1.88 per 100g"},
{"product_name": "Coles Cayenne Pepper Ground Extra Hot | 41g", "price": "$3.00", "unit_price": "$0.73 per 10g"},
{"product_name": "Peckish Fancies Rice Crackers:Grilled Chorizo Spanish Onion Smoked Pap | 90g", "price": "$3.00", "unit_price": "$3.33 per 100g"},
{"product_name": "Mentos Multipack Mint | 112g", "price": "$3.00", "unit_price": "$2.68 per 100g"},
{"product_name": "San Remo Curly Fettuccine Pasta No 80  | 500g", "price": "$2.95", "unit_price": "$0.59 per 100g"},
{"product_name": "Gravox Traditional Liquid Gravy Pouch | 165g", "price": "$2.80", "unit_price": "$1.70 per 100g"},
{"product_name": "McKenzie's Bicarbonate Soda | 500g", "price": "$2.70", "unit_price": "$0.54 per 100g"},
{"product_name": "MTR Instant Regular Poha | 160g", "price": "$2.40", "unit_price": "$1.50 per 100g"},
{"product_name": "Campbell's Country Ladle Soup Can Creamy Chicken | 500g", "price": "$2.25", "unit_price": "$0.45 per 100g"},
{"product_name": "Coles Popcorn Lightly Salted Sea Salt | 100g", "price": "$2.20", "unit_price": "$2.20 per 100g"},
{"product_name": "Coles Microwave Basmati Rice Cup | 250g", "price": "$2.20", "unit_price": "$0.88 per 100g"},
{"product_name": "Coles Milk Chocolate Digestive Biscuits | 200g", "price": "$2.20", "unit_price": "$1.10 per 100g"},
{"product_name": "Coles Sweet & Salty Popcorn | 120g", "price": "$2.10", "unit_price": "$1.75 per 100g"},
{"product_name": "Coles Organic Diced Tomatoes | 400g", "price": "$1.80", "unit_price": "$4.50 per 1kg"},
{"product_name": "Coles Oregano Leaves | 10g", "price": "$1.80", "unit_price": "$1.80 per 10g"},
{"product_name": "Coles Champignons Pieces & Stems | 425g", "price": "$1.70", "unit_price": "$4.00 per 1kg"},
{"product_name": "Obento Udon Noodles | 200g", "price": "$1.55", "unit_price": "$0.78 per 100g"},
{"product_name": "Valcom Premium Coconut Milk | 165mL", "price": "$1.25", "unit_price": "$0.76 per 100mL"},
{"product_name": "Britannia Little Hearts | 75g", "price": "$1.25", "unit_price": "$1.67 per 100g"},
{"product_name": "Coles Sunflower Seeds | 150g", "price": "$1.20", "unit_price": "$8.00 per 1kg"},
{"product_name": "Nestle Smarties | 50g", "price": "$1.10", "unit_price": "$2.20 per 100g"},
{"product_name": "The Natural Confectionery Co. Party Mix Lollies Party Size | 1.1 kg", "price": "$12.00", "unit_price": "$1.09 per 100g"},
{"product_name": "Nescafe Hazelnut Latte Coffee Sachets | 26 pack", "price": "$11.00", "unit_price": "$0.42 per 1ea"},
{"product_name": "Old El Paso Hard N Soft Taco Kit Mexican Style | 560g", "price": "$10.80", "unit_price": "$1.93 per 100g"},
{"product_name": "Nescafe Coffee Sachets Latte | 10 pack", "price": "$7.60", "unit_price": "$0.76 per 1ea"},
{"product_name": "Nescafe 98% SF Caramel Coffee Sachets | 10 pack", "price": "$7.60", "unit_price": "$0.76 per 1ea"},
{"product_name": "Carman's Iced Coffee Protein Bars 5 Pack | 200g", "price": "$7.50", "unit_price": "$3.75 per 100g"},
{"product_name": "Carman's Cookies & Cream Protein Bars 5 Pack | 200g", "price": "$7.50", "unit_price": "$3.75 per 100g"},
{"product_name": "Whittaker's Block Chocolate Coconut Milk | 250g", "price": "$6.90", "unit_price": "$2.76 per 100g"},
{"product_name": "Uncle Tobys Vita Weeties Breakfast Cereal | 510g", "price": "$5.00", "unit_price": "$0.98 per 100g"},
{"product_name": "Mcvities Healthier Choice Rich Tea Biscuits | 300g", "price": "$5.00", "unit_price": "$1.67 per 100g"},
{"product_name": "Harvest Snaps Pea Chilli | 120g", "price": "$5.00", "unit_price": "$4.17 per 100g"},
{"product_name": "Coles Pistachios | 80g", "price": "$5.00", "unit_price": "$62.50 per 1kg"},
{"product_name": "Heinz Baked Beans in Tomato Sauce Beans 3 pack | 220g", "price": "$4.90", "unit_price": "$7.42 per 1kg"},
{"product_name": "CC's Nacho Cheese Corn Chips | 175g", "price": "$4.70", "unit_price": "$2.69 per 100g"},
{"product_name": "Coles Smooth Peanut Butter | 500g", "price": "$4.60", "unit_price": "$0.92 per 100g"},
{"product_name": "St Dalfour Red Raspberry Spread | 284g", "price": "$4.50", "unit_price": "$1.58 per 100g"},
{"product_name": "Old El Paso Refried Beans | 435g", "price": "$4.50", "unit_price": "$1.03 per 100g"},
{"product_name": "Reese's Peanut Butter Cups Miniatures Milk Chocolate | 150g", "price": "$4.50", "unit_price": "$3.00 per 100g"},
{"product_name": "Sirena Brown Rice & Quinoa With Tuna | 170g", "price": "$4.30", "unit_price": "$25.29 per 1kg"},
{"product_name": "Dolmio Extra Garden Vegetables Pasta Sauce | 500g", "price": "$4.30", "unit_price": "$0.86 per 100g"},
{"product_name": "Hakubaku Organic Udon Noodles | 270g", "price": "$4.00", "unit_price": "$1.48 per 100g"},
{"product_name": "Allen's Lollies Frosty Fruits | 170g", "price": "$4.00", "unit_price": "$2.35 per 100g"},
{"product_name": "Lifesavers Two Headed Snakes | 192g", "price": "$4.00", "unit_price": "$2.08 per 100g"},
{"product_name": "Chacha Roasted Sunflower Seeds Coconut | 228g", "price": "$4.00", "unit_price": "$1.75 per 100g"},
{"product_name": "Table Of Plenty Sharepack Mini Rice Cakes Triple Berry Yoghurt | 60g", "price": "$3.40", "unit_price": "$5.67 per 100g"},
{"product_name": "White Wings Self Raising Flour | 1kg", "price": "$3.40", "unit_price": "$3.40 per 1kg"},
{"product_name": "Lindt Excellence Raspberry Intense Dark Chocolate Block | 100g", "price": "$3.30", "unit_price": "$3.30 per 100g"},
{"product_name": "Mother Earth Baked Oaty Slices Chocolate Oats | 240g", "price": "$3.30", "unit_price": "$1.38 per 100g"},
{"product_name": "Holbrooks Worcestershire Sauce | 250mL", "price": "$3.30", "unit_price": "$1.32 per 100mL"},
{"product_name": "Sandhurst Capers Baby Wine Vinegar | 110g", "price": "$3.00", "unit_price": "$27.27 per 1kg"},
{"product_name": "Cadbury Twirl Chocolate Bites | 140g", "price": "$3.00", "unit_price": "$2.14 per 100g"},
{"product_name": "White Wings Buttermilk Pancake Shake | 325g", "price": "$3.00", "unit_price": "$0.92 per 100g"},
{"product_name": "Peckish Fancies Rice Crackers Honey & Soy | 90g", "price": "$3.00", "unit_price": null},
{"product_name": "Byron Bay Cookie Milk Choc Chunk Bites Pouch | 100g", "price": "$3.00", "unit_price": "$3.00 per 100g"},
{"product_name": "Kraft Mac And Cheese Original Pasta Macaroni Noodles | 205g", "price": "$3.00", "unit_price": "$1.46 per 100g"},
{"product_name": "Cucina Matese Orecchiette No.119 Italian Pasta | 500g", "price": "$2.60", "unit_price": "$0.52 per 100g"},
{"product_name": "Dollar Sweets Extra Strong Peppermints | 150g", "price": "$2.50", "unit_price": "$1.67 per 100g"},
{"product_name": "Old El Paso Spice Mix Burrito | 40g", "price": "$2.40", "unit_price": "$6.00 per 100g"},
{"product_name": "Old El Paso Taco Spice Mix Extra Mild | 30g", "price": "$2.40", "unit_price": "$8.00 per 100g"},
{"product_name": "Old El Paso Nachos Spice Mix | 35g", "price": "$2.40", "unit_price": "$6.86 per 100g"},
{"product_name": "Crisco Peanut Oil | 750mL", "price": "$9.00", "unit_price": "$1.20 per 100mL"},
{"product_name": "Old El Paso Soft Taco Kit Mexican Style | 405g", "price": "$8.50", "unit_price": "$2.10 per 100g"},
{"product_name": "Beechworth Honey 100% Pure Australian Honey Jar | 500g", "price": "$8.50", "unit_price": "$1.70 per 100g"},
{"product_name": "Sunbeam Australian Sultana | 1kg", "price": "$8.00", "unit_price": "$8.00 per 1kg"},
{"product_name": "Nescafe Double Shot Latte Sachet | 10 pack", "price": "$7.60", "unit_price": "$0.76 per 1ea"},
{"product_name": "Carman's Aussie Oat Clusters Berry Crunch | 450g", "price": "$7.50", "unit_price": "$1.67 per 100g"},
{"product_name": "Sirena Tuna in Oil Italian Style | 425g", "price": "$7.50", "unit_price": "$17.65 per 1kg"},
{"product_name": "Kellogg's Special K Gluten Free Breakfast Cereal | 330g", "price": "$7.50", "unit_price": "$2.27 per 100g"},
{"product_name": "Lindt Lindor Assorted Chocolate Bag | 125g", "price": "$7.00", "unit_price": "$5.60 per 100g"},
{"product_name": "John West Tempters Chilli Tuna Multipack 4x95g | 380g", "price": "$6.50", "unit_price": "$17.11 per 1kg"},
{"product_name": "M&Ms Crispy Milk Chocolate Snack & Share Bag | 335g", "price": "$6.50", "unit_price": "$1.94 per 100g"},
{"product_name": "Vege Chips Deli Crisps Yellow Sweet Potato | 100g", "price": "$6.50", "unit_price": "$6.50 per 100g"},
{"product_name": "Kettle Sea Salt & Vinegar Potato Chips | 165g", "price": "$6.00", "unit_price": "$3.64 per 100g"},
{"product_name": "Maille Traditional Dijon Mustard | 215g", "price": "$6.00", "unit_price": "$2.79 per 100g"},
{"product_name": "Dilmah Pure Ceylon Premium Loose Leaf Tea | 250g", "price": "$7.50", "unit_price": "$3.00 per 100g"},
{"product_name": "Coles Pure Australian Honey Squeeze | 375g", "price": "$5.50", "unit_price": "$1.47 per 100g"},
{"product_name": "Ayam Thai Sweet Chilli Sauce Light | 285mL", "price": "$3.00", "unit_price": "$1.05 per 100mL"},
{"product_name": "Ayam Premium Light Coconut Milk | 270mL", "price": "$2.90", "unit_price": "$1.07 per 100mL"},
{"product_name": "Coles Mini Cream Wafers Biscuits Multipack | 175g", "price": "$2.90", "unit_price": "$1.66 per 100g"},
{"product_name": "Continental Cup A Soup Homestyle Pumpkin Soup Serves 2 | 61g", "price": "$2.80", "unit_price": "$4.59 per 100g"},
{"product_name": "Coles Organic Quick Oats | 500g", "price": "$2.75", "unit_price": "$0.55 per 100g"},
{"product_name": "Coles Balsamic Vinegar Of Modena | 500mL", "price": "$2.70", "unit_price": "$0.54 per 100mL"},
{"product_name": "Hoyts Star Anise | 12g", "price": "$2.60", "unit_price": "$2.17 per 10g"},
{"product_name": "Movietime Multi Coloured Popcorn | 150g", "price": "$2.60", "unit_price": "$1.73 per 100g"},
{"product_name": "ITO En Peach Ice Tea | 535mL", "price": "$2.60", "unit_price": "$0.49 per 100mL"},
{"product_name": "Soothers Liquid Centres Lemon & Lime | 1 pack", "price": "$2.50", "unit_price": "$2.50 per 1ea"},
{"product_name": "Daley Street Intese / Extreme Aluminium Nespresso Compatible Coffee Capsules | 10 pack", "price": "$2.50", "unit_price": "$0.25 per 1ea"},
{"product_name": "5 Gum Blueberry Sugar Free Chewing Gum 12 Piece | 32g", "price": "$2.50", "unit_price": "$7.81 per 100g"},
{"product_name": "Coles Original Breadsticks Cracker | 125g", "price": "$2.50", "unit_price": "$2.00 per 100g"},
{"product_name": "Coles Tartare Sauce | 230g", "price": "$2.50", "unit_price": "$1.09 per 100g"},
{"product_name": "Coles Dark Compound Choc Chips | 250g", "price": "$2.50", "unit_price": "$1.00 per 100g"},
{"product_name": "Coles Muesli Bars Strawberry Yoghurt Top 8 Pack | 248g", "price": "$2.50", "unit_price": "$1.01 per 100g"},
{"product_name": "Pureharvest Raw Organic Honey | 500g", "price": "$8.50", "unit_price": "$1.70 per 100g"},
{"product_name": "Kellogg's Crunchy Nut Corn Flakes Breakfast Cereal | 640g", "price": "$7.50", "unit_price": "$1.17 per 100g"},
{"product_name": "Coles Garlic Aioli | 950g", "price": "$7.50", "unit_price": "$0.79 per 100g"},
{"product_name": "Kikkoman Soy Sauce | 600mL", "price": "$6.50", "unit_price": "$1.08 per 100mL"},
{"product_name": "Lotte Koala's March Chocolate Biscuits | 195g", "price": "$6.30", "unit_price": "$3.23 per 100g"},
{"product_name": "Natural Chip Co. Corn Chips Sea Salt | 225g", "price": "$5.60", "unit_price": "$2.49 per 100g"},
{"product_name": "Carman's Original Fruit Free Muesli Bars 6 pack | 270g", "price": "$5.50", "unit_price": "$2.04 per 100g"},
{"product_name": "Crisco Canola Oil | 750mL", "price": "$5.50", "unit_price": "$0.73 per 100mL"},
{"product_name": "Hershey Chocolate Block Cookies 'N' Creme | 184g", "price": "$5.50", "unit_price": "$2.99 per 100g"},
{"product_name": "Kewpie Mayonnaise Sriracha | 300g", "price": "$5.50", "unit_price": "$1.83 per 100g"},
{"product_name": "Heinz Seriously Good Creamy Tartare Sauce For Seafood | 295mL", "price": "$5.50", "unit_price": "$1.86 per 100mL"},
{"product_name": "Skittles Fruits Chewy Lollies Party Share Bag 12 Pieces | 180g", "price": "$5.50", "unit_price": "$3.06 per 100g"},
{"product_name": "Praise Traditional Mayonnaise | 700g", "price": "$5.40", "unit_price": "$0.77 per 100g"},
{"product_name": "Leggo's Stir Through SauceTomato Garlic Onion | 350g", "price": "$5.30", "unit_price": "$1.51 per 100g"},
{"product_name": "Leggo's Traditional Basil Pesto | 190g", "price": "$5.30", "unit_price": "$2.79 per 100g"},
{"product_name": "Bega Light Smooth Peanut Butter | 470g", "price": "$5.00", "unit_price": "$1.06 per 100g"},
{"product_name": "Brunswick Wild Sardines in Olive Oil | 106g", "price": "$2.90", "unit_price": "$27.36 per 1kg"},
{"product_name": "Sour Patch Kids Space Kids Lollies | 190g", "price": "$2.80", "unit_price": "$1.47 per 100g"},
{"product_name": "The Natural Confectionery Co. Vegan Fruit Flavoured Jellies | 180g", "price": "$2.80", "unit_price": "$1.56 per 100g"},
{"product_name": "MasterFoods Ground Cinnamon | 28g", "price": "$2.80", "unit_price": "$1.00 per 10g"},
{"product_name": "M&Ms Crispy Milk Chocolate Snack & Share Bag | 145g", "price": "$2.75", "unit_price": "$1.90 per 100g"},
{"product_name": "John West Tempters Tuna Sweet Corn & Mayonnaise | 95g", "price": "$2.70", "unit_price": "$28.42 per 1kg"},
{"product_name": "Calbee Hot & Spicy Potato Chips | 55g", "price": "$2.70", "unit_price": "$4.91 per 100g"},
{"product_name": "Coles Fruit Salad in Juice | 410g", "price": "$2.50", "unit_price": "$6.10 per 1kg"},
{"product_name": "Providore Premium Tomato Paste | 130g", "price": "$2.50", "unit_price": "$1.92 per 100g"},
{"product_name": "Coles Jalapeno Slices | 205g", "price": "$2.50", "unit_price": "$1.22 per 100g"},
{"product_name": "Daley Street Daley Street Medium Aluminium Nespresso Compatible Coffee Capsules | 10 pack", "price": "$2.50", "unit_price": null},
{"product_name": "Pattu Coriander Powder | 200g", "price": "$2.50", "unit_price": "$0.13 per 10g"},
{"product_name": "Saxa Table Salt Shaker | 125g", "price": "$2.50", "unit_price": "$0.20 per 10g"},
{"product_name": "Aeroplane Lite Strawberry Jelly Crystals 2 pack | 18g", "price": "$2.30", "unit_price": "$12.78 per 100g"},
{"product_name": "Campbell's Country Ladle Soup Can Hearty Beef & Vegetable | 500g", "price": "$2.25", "unit_price": "$0.45 per 100g"},
{"product_name": "Coles Wholemeal Self Raising Flour | 1Kg", "price": "$2.25", "unit_price": "$2.25 per 1kg"},
{"product_name": "Mckenzie's Gluten Free Baking Powder | 300g", "price": "$5.55", "unit_price": "$1.85 per 100g"},
{"product_name": "Carman's Classic Fruit & Nut Muesli Bars 6 pack | 270g", "price": "$5.50", "unit_price": "$2.04 per 100g"},
{"product_name": "Coles Whole Black Peppercorn Refill Bag | 200g", "price": "$5.50", "unit_price": "$0.28 per 10g"},
{"product_name": "Nobby's Salted Mixed Nuts | 375g", "price": "$5.50", "unit_price": "$14.67 per 1kg"},
{"product_name": "Heritage Mill Clusters Cranberry Almond Coconut | 750g", "price": "$5.10", "unit_price": "$0.68 per 100g"},
{"product_name": "Allen's Lollies Freckles Milk Chocolate | 160g", "price": "$5.00", "unit_price": "$3.13 per 100g"},
{"product_name": "Kushi Jelly Cups | 75mL", "price": "$5.00", "unit_price": "$6.67 per 100mL"},
{"product_name": "Cadbury Dairy Milk Freddo Chocolate Party Sharepack 18 Pieces | 216g", "price": "$5.00", "unit_price": "$2.31 per 100g"},
{"product_name": "Loacker Tortina Chocolate Biscuit Caramel | 126g", "price": "$5.00", "unit_price": "$3.97 per 100g"},
{"product_name": "Chupa Chups Mix Of Minis | 320g", "price": "$5.00", "unit_price": "$1.56 per 100g"},
{"product_name": "Wellness Road Organic Hulled Tahini | 375g", "price": "$5.00", "unit_price": "$1.33 per 100g"},
{"product_name": "Cadbury Baking 70% Cocoa Dark Chocolate Block  | 180g", "price": "$5.00", "unit_price": "$2.78 per 100g"},
{"product_name": "Lowan Instant Dried Yeast | 280g", "price": "$4.80", "unit_price": "$17.14 per 1kg"},
{"product_name": "Mutti Gastronomia Baby Roma Tomato Passata | 400g", "price": "$4.70", "unit_price": "$1.18 per 100g"},
{"product_name": "Natural Chip Co. Sea Salt & Vinegar Potato Chips | 175g", "price": "$4.70", "unit_price": "$2.69 per 100g"},
{"product_name": "Doritos Corn Chips Cheese Supreme Multipack 95g | 5 pack", "price": "$4.50", "unit_price": "$4.74 per 100g"},
{"product_name": "Olina's Artisan Crackers Biscuits Date & Apricot | 100g", "price": "$3.15", "unit_price": "$3.15 per 100g"},
{"product_name": "Massel Chicken Style Stock Cubes | 105g", "price": "$3.00", "unit_price": "$0.29 per 10g"},
{"product_name": "Massel Salt Reduced Chicken Style Stock Powder | 140g", "price": "$3.00", "unit_price": "$0.21 per 10g"},
{"product_name": "Coles Marinated Artichokes | 275g", "price": "$3.00", "unit_price": "$10.91 per 1kg"},
{"product_name": "Red Seal Raspberry & Lemon Hot Or Cold Brew Tea | 20 pack", "price": "$3.00", "unit_price": "$0.15 per 1ea"},
{"product_name": "Jelly Joy Jelly Sticks 400g | 20 pack", "price": "$2.95", "unit_price": "$0.74 per 100g"},
{"product_name": "Taokaenoi Crispy Seaweed Sour Cream & Onion | 32g", "price": "$2.80", "unit_price": "$8.75 per 100g"},
{"product_name": "M&Ms Minis Chocolate Snack & Share Bag | 145g", "price": "$2.75", "unit_price": "$1.90 per 100g"},
{"product_name": "Sakata Chicken Rice Crackers | 100g", "price": "$2.75", "unit_price": "$2.75 per 100g"},
{"product_name": "CSR Coffee Sugar Crystals | 500g", "price": "$2.75", "unit_price": "$0.55 per 100g"},
{"product_name": "Gumi Yum Surprise Series 1 Blue | 21g", "price": "$2.50", "unit_price": "$11.91 per 100g"},
{"product_name": "Coles Breakfast Marmalade | 450g", "price": "$2.50", "unit_price": "$0.56 per 100g"},
{"product_name": "Coles Apricot Jam | 450g", "price": "$2.50", "unit_price": "$0.56 per 100g"},
{"product_name": "Real Gum Plastic Free Chewing Gum Spearmint | 22g", "price": "$2.50", "unit_price": "$11.36 per 100g"},
{"product_name": "Daley Street Dark/Intense Aluminium Nespresso Compatible Coffee Capsules | 10 pack", "price": "$2.50", "unit_price": "$0.25 per 1ea"},
{"product_name": "Coles Tomato Ketchup | 487mL", "price": "$2.50", "unit_price": "$0.51 per 100mL"},
{"product_name": "Ranong Tea 3 In 1 Thai Tea Mix | 200g", "price": "$6.60", "unit_price": "$3.30 per 100g"},
{"product_name": "John West Tempters Olive Oil Blend Tuna Multipack 4x95g  | 380g", "price": "$6.50", "unit_price": "$17.11 per 1kg"},
{"product_name": "Barilla Amatriciana Pasta Sauce | 400g", "price": "$6.50", "unit_price": "$1.63 per 100g"},
{"product_name": "Uncle Tobys Goodness Bowl Wholegrain Flakes Oat Clusters Pumpkin Seeds And Almonds | 645g", "price": "$6.50", "unit_price": "$1.01 per 100g"},
{"product_name": "M&Ms Peanut Chocolate Snack & Share Bag | 380g", "price": "$6.50", "unit_price": "$1.71 per 100g"},
{"product_name": "Cadbury Milk Chocolate Baking Chips Value Pack | 410g", "price": "$6.00", "unit_price": "$1.46 per 100g"},
{"product_name": "Cadbury Caramilk Large Chocolate Block | 315g", "price": "$6.00", "unit_price": "$1.90 per 100g"},
{"product_name": "Messy Monkeys Vanilla Rice Puff Bars 6X20g | 120g", "price": "$6.00", "unit_price": "$5.00 per 100g"},
{"product_name": "Musashi High Protein P45 Bar Cookies And Cream | 90g", "price": "$6.00", "unit_price": "$6.67 per 100g"},
{"product_name": "Mayver's Smooth Natural Peanut Butter | 375g", "price": "$5.80", "unit_price": "$1.55 per 100g"},
{"product_name": "Nestle Milkybar with Baked Cookies Chocolate Block | 170g", "price": "$5.50", "unit_price": "$3.24 per 100g"},
{"product_name": "Uncle Tobys Rainbow Berry Berry Roll Ups | 94g", "price": "$5.50", "unit_price": "$5.85 per 100g"},
{"product_name": "Tandaco Yeast | 84g", "price": "$5.50", "unit_price": "$65.48 per 1kg"},
{"product_name": "Arnotts Teevee Snacks Value Pack Biscuits Malt Sticks | 315g", "price": "$5.50", "unit_price": "$1.75 per 100g"},
{"product_name": "5 Gum Blueberry Sugar Free Chewing Gum 3 Pack | 96g", "price": "$5.50", "unit_price": "$5.73 per 100g"},
{"product_name": "Nestle Crunch Chocolate Block | 200g", "price": "$5.50", "unit_price": "$2.75 per 100g"},
{"product_name": "Massel Chicken Stock Powder | 168g", "price": "$3.00", "unit_price": "$0.18 per 10g"},
{"product_name": "Gold Reef Apricot Halves In Syrup | 825g", "price": "$3.00", "unit_price": "$3.64 per 1kg"},
{"product_name": "Coles Sweet & Sour Cucumbers | 680g", "price": "$3.00", "unit_price": "$4.41 per 1kg"},
{"product_name": "Coles Dill Gherkins Whole | 500g", "price": "$3.00", "unit_price": "$6.00 per 1kg"},
{"product_name": "Coles I'M Free From Corn Flakes | 375g", "price": "$3.00", "unit_price": "$0.80 per 100g"},
{"product_name": "French's Classic Yellow Mustard | 226g", "price": "$2.90", "unit_price": "$1.28 per 100g"},
{"product_name": "Pascall Wine Gums | 220g", "price": "$2.80", "unit_price": "$1.27 per 100g"},
{"product_name": "Ayam Light Soy Sauce | 210mL", "price": "$2.80", "unit_price": "$1.33 per 100mL"},
{"product_name": "Snickers Chocolate Bar Peanuts Caramel Nougat 2 pieces | 64g", "price": "$2.80", "unit_price": "$4.38 per 100g"},
{"product_name": "Saxa Natural Rock Salt | 500g", "price": "$2.80", "unit_price": "$0.06 per 10g"},
{"product_name": "Foster Clarks Powder Custard | 350g", "price": "$2.75", "unit_price": "$0.79 per 100g"},
{"product_name": "John West Tempters Oven Dried Tomato & Basil Tuna | 95g", "price": "$2.70", "unit_price": "$28.42 per 1kg"},
{"product_name": "Double D Smart Sweets Fruits N Cream | 50g", "price": "$2.70", "unit_price": "$5.40 per 100g"},
{"product_name": "Daley Street Intense Aluminium Nespresso Compatible Coffee Capsules | 10 pack", "price": "$2.50", "unit_price": "$0.25 per 1ea"},
{"product_name": "Coles Pacific Tuna In Olive Oil | 185g", "price": "$2.50", "unit_price": "$13.51 per 1kg"},
{"product_name": "Coles Finest Belgian Dark Chocolate Block 85% | 100g", "price": "$2.50", "unit_price": "$2.50 per 100g"},
{"product_name": "Uncle Tobys Muesli Bar Mixed Berry | 185g", "price": "$5.50", "unit_price": "$2.97 per 100g"},
{"product_name": "Saxa Iodised Sea Salt Grinder | 90g", "price": "$5.50", "unit_price": "$0.61 per 10g"},
{"product_name": "Golden Days Mini Sesame Snaps Gluten Free | 200g", "price": "$5.50", "unit_price": "$2.75 per 100g"},
{"product_name": "Wei Lih Ichiban Noodle Bowl Roast Pork | 150g", "price": "$5.50", "unit_price": "$3.67 per 100g"},
{"product_name": "Allen's Lollies Large Value Bag Minties Mint Chews | 375g", "price": "$5.50", "unit_price": "$1.47 per 100g"},
{"product_name": "Coles Deli Multipack Assorted Chips 15 Pack | 278g", "price": "$5.50", "unit_price": "$1.98 per 100g"},
{"product_name": "Carman's Dark Choc Espresso Nut Bar 5 pack | 160g", "price": "$5.50", "unit_price": "$3.44 per 100g"},
{"product_name": "Roll'D Rice Paper | 375g", "price": "$5.00", "unit_price": "$1.33 per 100g"},
{"product_name": "Edgell Edamame Beans Ready To Eat 125g | 4 pack", "price": "$5.00", "unit_price": "$10.00 per 1kg"},
{"product_name": "Wellness Road Australian Brown Flaxseed Meal | 500g", "price": "$5.00", "unit_price": "$1.00 per 100g"},
{"product_name": "Carman's Gourmet Porridge Apple Sultana & Cinnamon Sachets 8 pack | 320g", "price": "$5.00", "unit_price": "$1.56 per 100g"},
{"product_name": "Aunt Betty's Sticky Date Steamy Pud 2 Pack | 190g", "price": "$4.90", "unit_price": "$2.58 per 100g"},
{"product_name": "Pattu  Mung Dhal | 1kg", "price": "$4.65", "unit_price": "$0.47 per 100g"},
{"product_name": "Old El Paso Hot Taco Sauce | 200g", "price": "$4.50", "unit_price": "$2.25 per 100g"},
{"product_name": "Dolmio Three Cheese Pasta Bake | 490g", "price": "$4.50", "unit_price": "$0.92 per 100g"},
{"product_name": "Sirena Italian Style Salad With Tuna | 170g", "price": "$4.30", "unit_price": "$25.29 per 1kg"},
{"product_name": "Coles Tuna In Springwater | 185g", "price": "$1.80", "unit_price": "$9.73 per 1kg"},
{"product_name": "Coles Italian Dressing | 300mL", "price": "$1.80", "unit_price": "$0.60 per 100mL"},
{"product_name": "Campbell's Real Stock Beef Stock | 250mL", "price": "$1.80", "unit_price": "$0.72 per 100mL"},
{"product_name": "Erawan Tapioca Starch | 500g", "price": "$1.70", "unit_price": "$0.34 per 100g"},
{"product_name": "Glico Pocky Cookies & Cream Biscuit Sticks | 40g", "price": "$1.70", "unit_price": "$4.25 per 100g"},
{"product_name": "Nongshim Neoguri Seafood & Spicy Udon Noodle Soup | 120g", "price": "$1.60", "unit_price": "$1.33 per 100g"},
{"product_name": "Dole Pineapple Chunks In Juice | 227g", "price": "$1.60", "unit_price": "$7.05 per 1kg"},
{"product_name": "Chang's Vermicelli Rice Noodles | 250g", "price": "$1.50", "unit_price": "$0.60 per 100g"},
{"product_name": "Yeo's Grass Jelly Drink | 300mL", "price": "$1.25", "unit_price": "$4.17 per 1L"},
{"product_name": "Aeroplane Original Jelly Apple | 85g", "price": "$1.20", "unit_price": "$1.41 per 100g"},
{"product_name": "Coles Butter Cake Mix | 340g", "price": "$1.20", "unit_price": "$0.35 per 100g"},
{"product_name": "Coles Light Coconut Cream | 400mL", "price": "$1.10", "unit_price": "$0.28 per 100mL"},
{"product_name": "Life Savers Raspberry Stix | 40g", "price": "$1.00", "unit_price": "$2.50 per 100g"},
{"product_name": "Sanitarium Up&Go Liquid Breakfast Fridge Pack Dairy Free Choc 12X250mL | 3L", "price": "$14.50", "unit_price": "$4.83 per 1L"},
{"product_name": "Sanitarium Up&Go Liquid Breakfast Choc Ice No Added Sugar Fridge Pack 12X250mL | 3L", "price": "$14.50", "unit_price": "$4.83 per 1L"},
{"product_name": "Moccona Indulgence Speciality Blend Coffee | 200g", "price": "$13.50", "unit_price": "$6.75 per 100g"},
{"product_name": "Fountain Soy Sauce Asian Sauces Stir fry | 250mL", "price": "$3.50", "unit_price": "$1.40 per 100mL"},
{"product_name": "Nestle Bakers' Choice Baking Dark Chocolate Bits | 200g", "price": "$3.50", "unit_price": "$1.75 per 100g"},
{"product_name": "Always Fresh Sicilian Olives Pitted  | 230g", "price": "$3.50", "unit_price": "$15.22 per 1kg"},
{"product_name": "Good Day Cashew Biscuits | 231g", "price": "$3.50", "unit_price": "$1.52 per 100g"},
{"product_name": "Coles Rice Bran Oil | 500mL", "price": "$3.50", "unit_price": "$0.70 per 100mL"},
{"product_name": "Bega Peanut Butter Crunchy | 200g", "price": "$3.50", "unit_price": "$1.75 per 100g"},
{"product_name": "The Han Kitchen Organic Somen Noodles | 270g", "price": "$3.30", "unit_price": "$1.22 per 100g"},
{"product_name": "Hoyts Oregano | 60g", "price": "$3.30", "unit_price": "$0.55 per 10g"},
{"product_name": "Coles Quick Oats Sachets Brown Sugar & Cinnamon | 420g", "price": "$3.30", "unit_price": "$0.79 per 100g"},
{"product_name": "Arnott's Granita Biscuits | 250g", "price": "$3.30", "unit_price": "$1.32 per 100g"},
{"product_name": "Coles Mexican Sauce | 240g", "price": "$3.15", "unit_price": "$1.31 per 100g"},
{"product_name": "Golden Circle Tropical Sliced Pineapple | 425g", "price": "$3.10", "unit_price": "$7.29 per 1kg"},
{"product_name": "Green's Traditional Golden Butter Cake Mix | 440g", "price": "$3.00", "unit_price": "$0.68 per 100g"},
{"product_name": "White Wings Original Pancake Shake | 350g", "price": "$3.00", "unit_price": "$0.86 per 100g"},
{"product_name": "Maxines Burn Burn Cookies & Cream Bar | 40g", "price": "$3.00", "unit_price": "$7.50 per 100g"},
{"product_name": "Lolly Gobble Bliss Bombs | 175g", "price": "$3.00", "unit_price": "$1.71 per 100g"},
{"product_name": "Ottogi Kimchi Ramen | 120g", "price": "$5.95", "unit_price": "$4.96 per 100g"},
{"product_name": "Gullon Sugar Free Shortbread | 330g", "price": "$5.90", "unit_price": "$1.79 per 100g"},
{"product_name": "Mayver's Crunchy Natural Peanut Butter | 375g", "price": "$5.80", "unit_price": "$1.55 per 100g"},
{"product_name": "Wellness Road Almond Spread | 250g", "price": "$5.70", "unit_price": "$2.28 per 100g"},
{"product_name": "Coles Pink Salmon | 415g", "price": "$5.50", "unit_price": "$13.25 per 1kg"},
{"product_name": "Uncle Toby's Milo Chewy Muesli Bar | 185g", "price": "$5.50", "unit_price": "$2.97 per 100g"},
{"product_name": "Carman's Protein Nut Butter Peanut Butter 180g | 4 pack", "price": "$5.50", "unit_price": "$3.06 per 100g"},
{"product_name": "Blu Gourmet Pearl Couscous | 400g", "price": "$5.50", "unit_price": "$1.38 per 100g"},
{"product_name": "Heritage Mill Muesli Fruit & Nut | 750g", "price": "$5.10", "unit_price": "$0.68 per 100g"},
{"product_name": "Golden Days Bites Apricot Multi | 200g", "price": "$5.00", "unit_price": "$2.50 per 100g"},
{"product_name": "M&M Biscuits Original | 180g", "price": "$5.00", "unit_price": "$2.78 per 100g"},
{"product_name": "Spam Lite Spiced Ham | 340g", "price": "$5.00", "unit_price": "$14.71 per 1kg"},
{"product_name": "Cadbury Dairy Milk Freddo & Caramello Koala Chocolate Sharepack 18 Pieces | 234g", "price": "$5.00", "unit_price": "$2.14 per 100g"},
{"product_name": "Haribo Starmix | 400g", "price": "$5.00", "unit_price": "$1.25 per 100g"},
{"product_name": "The Natural Confectionery Co. Reduced Sugar Mini Fruity Gems Lollies Multipack | 300g", "price": "$5.00", "unit_price": "$1.67 per 100g"},
{"product_name": "Carman's Gourmet Porridge Sachet with Honey Vanilla & Cinnamon | 320g", "price": "$5.00", "unit_price": "$1.56 per 100g"},
{"product_name": "Queen Victoria Peppermint Tea Bags | 10 pack", "price": "$2.00", "unit_price": "$0.20 per 1ea"},
{"product_name": "Honest Sea Seaweed Sea Salt | 5g", "price": "$2.00", "unit_price": "$40.00 per 100g"},
{"product_name": "Ching's Schezwan Instant Noodles | 240g", "price": "$2.00", "unit_price": "$0.83 per 100g"},
{"product_name": "Peckish Vegetable Sweet Carrot Rice Crackers | 90g", "price": "$2.00", "unit_price": "$2.22 per 100g"},
{"product_name": "Kettle Sea Salt Potato Chips  | 70g", "price": "$2.00", "unit_price": "$2.86 per 100g"},
{"product_name": "Heinz Shredded Canned Chicken Lite Mayonnaise | 85g", "price": "$1.90", "unit_price": "$22.35 per 1kg"},
{"product_name": "McKenzie's Barley Pearl | 500g", "price": "$1.90", "unit_price": "$0.38 per 100g"},
{"product_name": "Lotte Pepero White Cookie | 32g", "price": "$1.60", "unit_price": "$5.00 per 100g"},
{"product_name": "Wild Tides Tuna Tomato & Basil | 95g", "price": "$1.50", "unit_price": "$15.79 per 1kg"},
{"product_name": "Queen Pillar Box Red Food Colour | 50mL", "price": "$1.20", "unit_price": "$0.24 per 10mL"},
{"product_name": "Aeroplane Berry Blue Jelly Crystals | 85g", "price": "$1.20", "unit_price": "$1.41 per 100g"},
{"product_name": "Coles Creamy Mushroom With Croutons Serves 2 | 60g", "price": "$1.15", "unit_price": "$1.92 per 100g"},
{"product_name": "Coles Smart Buy Baked Beans In Tomato Sauce | 420g", "price": "$1.10", "unit_price": "$2.62 per 1kg"},
{"product_name": "Indomie Chicken Curry Flavour Instant Noodles | 80g", "price": "$1.00", "unit_price": "$1.25 per 100g"},
{"product_name": "Vittoria Mountain Grown Coffee Beans | 1kg", "price": "$20.00", "unit_price": "$2.00 per 100g"},
{"product_name": "Bonvit Psyllium Husks | 500g", "price": "$18.80", "unit_price": "$3.76 per 100g"},
{"product_name": "Daawat Everyday gold Basmati Rice | 5kg", "price": "$14.85", "unit_price": "$0.30 per 100g"},
{"product_name": "MasterFoods Dijon Mustard | 170g", "price": "$4.00", "unit_price": "$2.35 per 100g"},
{"product_name": "Jols Sugar Free Pastilles Forest Berries 3 pack | 69g", "price": "$4.00", "unit_price": "$5.80 per 100g"},
{"product_name": "Heinz Salad Cream Salad Dressing Mayo | 250g", "price": "$4.00", "unit_price": "$1.60 per 100g"},
{"product_name": "Coles Mexican Mayo Creamy Chipotle Topping | 240g", "price": "$3.90", "unit_price": "$1.63 per 100g"},
{"product_name": "Kook 'A' Crumb Herb & Garlic Bread Crumbs | 200g", "price": "$3.70", "unit_price": "$0.19 per 10g"},
{"product_name": "Kooka A Krumb Panko Breadcrumbs | 190g", "price": "$3.70", "unit_price": "$0.19 per 10g"},
{"product_name": "Three Threes Sweet Spiced Gherkins | 540g", "price": "$3.60", "unit_price": "$6.67 per 1kg"},
{"product_name": "Orgran Gluten Free Buckwheat Crispbread | 125g", "price": "$3.60", "unit_price": "$2.88 per 100g"},
{"product_name": "Continental Alfredo Family Pasta And Sauce | 145g", "price": "$3.50", "unit_price": "$2.41 per 100g"},
{"product_name": "Obento Mirin Seasoning | 250mL", "price": "$3.50", "unit_price": "$1.40 per 100mL"},
{"product_name": "Red Rock Deli Avoured Peanuts Honey And Sea Salt | 130g", "price": "$3.50", "unit_price": "$26.92 per 1kg"},
{"product_name": "BC Snacks Dark Chocolate Almond High Protein Bar | 40g", "price": "$3.50", "unit_price": null},
{"product_name": "Coles Pear Slices In Pear Fruit Juice | 695g", "price": "$3.45", "unit_price": "$4.96 per 1kg"},
{"product_name": "Barker's Biscuits Anzac | 300g", "price": "$3.40", "unit_price": "$1.13 per 100g"},
{"product_name": "John West Wild Scottish Sardines In Springwater | 110g", "price": "$3.40", "unit_price": "$30.91 per 1kg"},
{"product_name": "Leggo's Bolognese With Red Wine Pasta Sauce | 500g", "price": "$3.40", "unit_price": "$0.68 per 100g"},
{"product_name": "John West Tempters Tuna Springwater Multipack 4x95g | 380g", "price": "$6.50", "unit_price": "$17.11 per 1kg"},
{"product_name": "Uncle Tobys Goodness Bowl Fruity Pillows Choco Berry Flavour | 500g", "price": "$6.50", "unit_price": "$1.30 per 100g"},
{"product_name": "Uncle Tobys Oats Quick Sachets Breakfast Cereal Hi Fibre | 320g", "price": "$6.30", "unit_price": "$1.97 per 100g"},
{"product_name": "Tetley All Rounder Pure Black Tea Bags 200 pack | 400g", "price": "$6.00", "unit_price": "$0.03 per 1ea"},
{"product_name": "Kettle Potato Chips Vintage Cheddar | 150g", "price": "$6.00", "unit_price": "$4.00 per 100g"},
{"product_name": "Messy Monkeys Bites Burger 6X20g | 120g", "price": "$6.00", "unit_price": "$5.00 per 100g"},
{"product_name": "Old El Paso Stand N Stuff Mini Soft Tortillas | 145g", "price": "$6.00", "unit_price": "$4.14 per 100g"},
{"product_name": "Beerenberg Hot Tomato Chutney | 260g", "price": "$5.90", "unit_price": "$2.27 per 100g"},
{"product_name": "Mutti Pasta Sauce Rossoro Tomatoes & Genovese Basil | 400g", "price": "$5.70", "unit_price": "$1.43 per 100g"},
{"product_name": "ABC Sweet Soy Sauce | 620mL", "price": "$5.60", "unit_price": "$0.90 per 100mL"},
{"product_name": "Praise Squeeze Garlic Aioli | 500mL", "price": "$8.30", "unit_price": "$1.66 per 100mL"},
{"product_name": "Cadbury Old Gold Slices Mint Creme Dark Chocolate Block | 170g", "price": "$5.50", "unit_price": "$3.24 per 100g"},
{"product_name": "Allen's Lollies Big Red Frogs | 465g", "price": "$5.50", "unit_price": "$1.18 per 100g"},
{"product_name": "5 Gum Sweet Mint Sugar Free Chewing Gum 3 Pack | 96g", "price": "$5.50", "unit_price": "$5.73 per 100g"},
{"product_name": "Skittles Giants Sours Lollies Party Share Bag | 160g", "price": "$5.50", "unit_price": "$3.44 per 100g"},
{"product_name": "Higher Living Organic Rooibos | 40 pack", "price": "$5.50", "unit_price": "$0.14 per 1ea"},
{"product_name": "Coles Pacific Tuna Chilli | 185g", "price": "$2.50", "unit_price": "$13.51 per 1kg"},
{"product_name": "Valcom Premium Coconut Cream | 400mL", "price": "$2.40", "unit_price": "$0.60 per 100mL"},
{"product_name": "Coles Lemon Sherbets | 200g", "price": "$2.35", "unit_price": "$1.18 per 100g"},
{"product_name": "Coles Premium Raspberry Jam | 345g", "price": "$2.35", "unit_price": "$0.68 per 100g"},
{"product_name": "Jila Sugar Free Spearmint Mints | 34g", "price": "$2.30", "unit_price": "$6.76 per 100g"},
{"product_name": "Hoyts Ground Cumin | 25g", "price": "$2.30", "unit_price": "$0.92 per 10g"},
{"product_name": "Oxo Chicken Stock Cubes | 71g", "price": "$2.30", "unit_price": "$0.32 per 10g"},
{"product_name": "Campbell's Country Ladle Soup Can Chicken & Sweet Corn | 505g", "price": "$2.25", "unit_price": "$0.45 per 100g"},
{"product_name": "Mentos Pure Fresh Spearmint Chewing Gum | 30g", "price": "$2.20", "unit_price": "$7.33 per 100g"},
{"product_name": "Frooti Mango Drink | 500mL", "price": "$2.15", "unit_price": "$4.30 per 1L"},
{"product_name": "Coles 100's & 1000's Kids Mini Biscuits | 200g", "price": "$2.00", "unit_price": "$1.00 per 100g"},
{"product_name": "Coles Butterscotch | 225g", "price": "$2.00", "unit_price": "$0.89 per 100g"},
{"product_name": "Fyna Sherbert Wizz Fizz Original | 8 pack", "price": "$2.00", "unit_price": "$0.25 per 1ea"},
{"product_name": "Tandaco Southern Fried Chicken Coating Mix | 75g", "price": "$2.00", "unit_price": "$0.27 per 10g"},
{"product_name": "Coles Australian Original Bread Crumb | 220g", "price": "$2.00", "unit_price": "$0.09 per 10g"},
{"product_name": "Queen Victoria Lemon & Ginger Tea Bags | 10 pack", "price": "$2.00", "unit_price": "$0.20 per 1ea"},
{"product_name": "Wellaby's Classic Cheese Crackers | 100g", "price": "$3.80", "unit_price": "$3.80 per 100g"},
{"product_name": "Sandhurst Jalapeno Chillies | 270g", "price": "$3.80", "unit_price": "$14.07 per 1kg"},
{"product_name": "Yopokki Sweet & Spicy Rapokki | 145g", "price": "$3.80", "unit_price": "$2.62 per 100g"},
{"product_name": "Vittoria Black Valley Nespresso Compatible Coffee Capsules | 10 pack", "price": "$3.75", "unit_price": "$0.38 per 1ea"},
{"product_name": "Vittoria Espresso Nespresso Compatible Coffee Capsules | 10 pack", "price": "$3.75", "unit_price": "$0.38 per 1ea"},
{"product_name": "La Molisana Farina 00 Di Grano Tenero Flour | 1kg", "price": "$3.60", "unit_price": "$3.60 per 1kg"},
{"product_name": "Orgran Multigrain With Quinoa Crispbread | 125g", "price": "$3.60", "unit_price": "$2.88 per 100g"},
{"product_name": "Maggi Oyster Sauce | 275mL", "price": "$3.60", "unit_price": "$1.31 per 100mL"},
{"product_name": "Frisp Freeze Dried Strawberry Crisps | 15g", "price": "$3.50", "unit_price": "$23.33 per 100g"},
{"product_name": "Arnott's Flatbread Dippers Parmesan & Basil | 130g", "price": "$3.50", "unit_price": "$2.69 per 100g"},
{"product_name": "Fountain Hot Chilli Sauce Hot Sauce | 250mL", "price": "$3.50", "unit_price": "$1.40 per 100mL"},
{"product_name": "Arnott's Multipack Bluey Pizza Cracker | 168g", "price": "$3.50", "unit_price": "$2.08 per 100g"},
{"product_name": "Leggo's Pizza Tomato Paste 2 Pack  | 140g", "price": "$3.50", "unit_price": "$1.25 per 100g"},
{"product_name": "Prairie Kitchen Corned Beef | 340g", "price": "$3.50", "unit_price": "$10.29 per 1kg"},
{"product_name": "Nestle Bakers' Choice Baking Dark Chocolate Melts | 290g", "price": "$3.50", "unit_price": "$1.21 per 100g"},
{"product_name": "Dollar Sweets Artificial 100s & 1000s | 145g", "price": "$3.50", "unit_price": "$2.41 per 100g"},
{"product_name": "Tony's Chocolonely Milk Chocolate Caramel Sea Salt | 180g", "price": "$7.00", "unit_price": "$3.89 per 100g"},
{"product_name": "Nestle Nesquik Cereal | 650g", "price": "$7.00", "unit_price": "$1.08 per 100g"},
{"product_name": "Twinings English Breakfast Decaf Tea Bags | 80 pack", "price": "$6.75", "unit_price": "$0.08 per 1ea"},
{"product_name": "Kikkoman Salt Reduced Soy Sauce | 250mL", "price": "$6.70", "unit_price": "$2.68 per 100mL"},
{"product_name": "Coles Pepper Grinder | 124g", "price": "$6.50", "unit_price": "$0.52 per 10g"},
{"product_name": "Mayver's Natural Peanut Butter High Protein | 375g", "price": "$6.50", "unit_price": "$1.73 per 100g"},
{"product_name": "Uncle Tobys Oats Quick Sachets Brown Sugar & Cinnamon | 350g", "price": "$6.30", "unit_price": "$1.80 per 100g"},
{"product_name": "Devondale Skim Long Life Milk 6 pack | 1.2L", "price": "$6.00", "unit_price": "$5.00 per 1L"},
{"product_name": "Maille Mild Wholegrain Mustard | 210g", "price": "$6.00", "unit_price": "$2.86 per 100g"},
{"product_name": "Sacla Free From Basil Pesto | 190g", "price": "$5.90", "unit_price": "$3.11 per 100g"},
{"product_name": "Natural Chip Co. Corn Chips Chilli & Lime | 225g", "price": "$5.60", "unit_price": "$2.49 per 100g"},
{"product_name": "Saxa Natural Sea Salt Grinder | 90g", "price": "$5.50", "unit_price": "$0.61 per 10g"},
{"product_name": "Sunbeam Australian Currants | 300g", "price": "$5.50", "unit_price": "$18.33 per 1kg"},
{"product_name": "Blue Banner Sliced Red Onion | 525g", "price": "$5.50", "unit_price": "$10.48 per 1kg"},
{"product_name": "Carmans Protein Bakes Salted Caramel 5 Pack | 175g", "price": "$5.50", "unit_price": "$3.14 per 100g"},
{"product_name": "Allen's Lollies Large Value Bag Chewmix Chews | 375g", "price": "$5.50", "unit_price": "$1.47 per 100g"},
{"product_name": "Twizzlers Twists Strawberry | 70g", "price": "$2.30", "unit_price": "$3.29 per 100g"},
{"product_name": "Reeses Chocolate Wafer Sticks | 42g", "price": "$2.30", "unit_price": "$5.48 per 100g"},
{"product_name": "Coles Multipack Mini Biscuits Choc Chip Cookies 8 Pack | 180g", "price": "$2.30", "unit_price": "$1.28 per 100g"},
{"product_name": "Deb Instant Mashed Onion Potato | 115g", "price": "$2.10", "unit_price": "$18.26 per 1kg"},
{"product_name": "Twinings Chamomile & Spearmint Herbal Infusions Tea Bags 10 pack | 15g", "price": "$2.00", "unit_price": "$0.20 per 1ea"},
{"product_name": "Campbell's Real Stock Vegetable Stock | 500mL", "price": "$2.00", "unit_price": "$0.40 per 100mL"},
{"product_name": "Twinings French Earl Grey | 10 pack", "price": "$2.00", "unit_price": "$0.20 per 1ea"},
{"product_name": "Coles Perform Whey Protein Powder Salted Caramel | 35g", "price": "$2.00", "unit_price": "$5.71 per 100g"},
{"product_name": "Coles Pasta Lasagne Sheets | 250g", "price": "$2.00", "unit_price": "$0.80 per 100g"},
{"product_name": "Coles Worcestershire Sauce | 250mL", "price": "$2.00", "unit_price": "$0.80 per 100mL"},
{"product_name": "Coles Coarse Salt Refill Bag | 500g", "price": "$2.00", "unit_price": "$0.04 per 10g"},
{"product_name": "Shan Biryani | 50g", "price": "$1.90", "unit_price": "$0.38 per 10g"},
{"product_name": "Coles Thyme Leaves | 18g", "price": "$1.80", "unit_price": "$1.00 per 10g"},
{"product_name": "Sunrice 90 secs Steamed Basmati Rice | 250g", "price": "$1.75", "unit_price": "$0.70 per 100g"},
{"product_name": "Pigeon Canned Corn Young Sweet 13up | 425g", "price": "$1.75", "unit_price": "$4.12 per 1kg"},
{"product_name": "Sunrice Brown Medium Grain Rice | 250g", "price": "$1.75", "unit_price": "$0.70 per 100g"},
{"product_name": "Leggos Bolognese Bacon Flavour | 500g", "price": "$3.40", "unit_price": "$0.68 per 100g"},
{"product_name": "Leggo's Alfredo Pasta Sauce | 490g", "price": "$3.40", "unit_price": "$0.69 per 100g"},
{"product_name": "Always Fresh Black Olives Pitted  | 220g", "price": "$3.40", "unit_price": "$15.45 per 1kg"},
{"product_name": "Rosella Squeezy Tomato Sauce | 500mL", "price": "$3.30", "unit_price": "$0.66 per 100mL"},
{"product_name": "Lindt Excellence 90% Cocoa Dark Chocolate Block | 100g", "price": "$3.30", "unit_price": "$3.30 per 100g"},
{"product_name": "Coles Vanilla Latte Sachets 185g | 10 pack", "price": "$3.25", "unit_price": "$0.33 per 1ea"},
{"product_name": "Nobby's Salt And Vinegar Peanuts | 350g", "price": "$3.25", "unit_price": "$0.93 per 100g"},
{"product_name": "Coles Topping Strawberry | 580g", "price": "$3.20", "unit_price": "$0.55 per 100g"},
{"product_name": "Coles Sweet Chilli Mayonnaise | 340g", "price": "$3.20", "unit_price": "$0.94 per 100g"},
{"product_name": "CSR Raw Sugar Sticks | 150g", "price": "$3.10", "unit_price": "$2.07 per 100g"},
{"product_name": "MasterFoods Stir Fry Teriyaki Chicken Recipe Base | 175g", "price": "$3.00", "unit_price": "$1.71 per 100g"},
{"product_name": "Nissin Ramen Kyushu Tonkotsu | 176g", "price": "$3.00", "unit_price": "$1.70 per 100g"},
{"product_name": "Chang's Crispy Noodle Salad Dressing | 280mL", "price": "$3.00", "unit_price": "$1.07 per 100mL"},
{"product_name": "Peckish Fancies Rice Cracker Chocolate Hazelnut | 90g", "price": "$3.00", "unit_price": "$3.33 per 100g"},
{"product_name": "Cadbury Freddo Sharepack 100s & 1000s | 144g", "price": "$3.00", "unit_price": "$2.08 per 100g"},
{"product_name": "Cadbury Twirl Mint Chocolate Bites | 130g", "price": "$3.00", "unit_price": "$2.31 per 100g"},
{"product_name": "SPC Peach Slices in Juice Canned | 825g", "price": "$5.00", "unit_price": "$6.06 per 1kg"},
{"product_name": "Cadbury Baking Dark Chocolate Melts | 225g", "price": "$5.00", "unit_price": "$2.22 per 100g"},
{"product_name": "Extra White Bubblemint Sugar Free Chewing Gum 4x14g | 56g", "price": "$5.00", "unit_price": "$8.93 per 100g"},
{"product_name": "Hot Kid Want Want Seaweed Rice Crackers | 160g", "price": "$5.00", "unit_price": "$3.13 per 100g"},
{"product_name": "Keens Mustard Powder | 50g", "price": "$5.00", "unit_price": "$1.00 per 10g"},
{"product_name": "Sunsweet Dried Pitted Prunes | 200g", "price": "$4.95", "unit_price": "$24.75 per 1kg"},
{"product_name": "Guzzi's Fettuccine Pasta | 375g", "price": "$4.95", "unit_price": "$1.32 per 100g"},
{"product_name": "White Wings Self Raising Flour | 2kg", "price": "$4.95", "unit_price": "$2.48 per 1kg"},
{"product_name": "Sandhurst Pitted Kalamata Olives | 500g", "price": "$4.70", "unit_price": "$9.40 per 1kg"},
{"product_name": "Kikkoman Soy Sauce | 150mL", "price": "$4.70", "unit_price": "$3.13 per 100mL"},
{"product_name": "Hoyts Sweet Paprika | 190g", "price": "$4.60", "unit_price": "$0.24 per 10g"},
{"product_name": "Mc Ilhenny Co. Tabasco Green Pepper Sauce | 60mL", "price": "$4.60", "unit_price": "$7.67 per 100mL"},
{"product_name": "Always Fresh Cucumbers Bread & Butter | 700g", "price": "$4.60", "unit_price": "$6.57 per 1kg"},
{"product_name": "McKenzie's Bicarbonate Soda Canister | 350g", "price": "$4.50", "unit_price": "$1.29 per 100g"},
{"product_name": "Maggi Hot And Sweet Sauce | 340mL", "price": "$4.50", "unit_price": "$1.32 per 100mL"},
{"product_name": "SPC Aussie Made Diced Fruit Salad in Juice 120g | 4 pack", "price": "$4.50", "unit_price": "$9.38 per 1kg"},
{"product_name": "Kellogg's Just Right Breakfast Cereal With Whole Grains Apricot Pieces And Sultanas | 740g", "price": "$7.50", "unit_price": "$1.01 per 100g"},
{"product_name": "Carman's  Almond Vanilla & Cinnamon 5 Grain & Seed Granola | 450g", "price": "$7.50", "unit_price": "$1.67 per 100g"},
{"product_name": "Terrys Milk Chocolate Orange Gift Box | 157g", "price": "$7.30", "unit_price": "$4.65 per 100g"},
{"product_name": "Kellogg's Guardian Psyllium Breakfast Cereal | 360g", "price": "$7.00", "unit_price": "$1.94 per 100g"},
{"product_name": "Menz Bumbles Milk Chocolate | 525g", "price": "$7.00", "unit_price": "$1.33 per 100g"},
{"product_name": "Lindt Excellence 100% Cocoa | 50g", "price": "$7.00", "unit_price": "$14.00 per 100g"},
{"product_name": "Musashi Protein Choc Block Milk Chocolate | 120g", "price": "$7.00", "unit_price": "$5.83 per 100g"},
{"product_name": "Lindt Lindor Milk Chocolate Bag | 125g", "price": "$7.00", "unit_price": "$5.60 per 100g"},
{"product_name": "Twining's Camomile Honey & Vanilla Infusions Tea Bags | 40 pack", "price": "$7.00", "unit_price": "$0.18 per 1ea"},
{"product_name": "Cadbury Old Gold Dark Chocolate Coated Almonds | 280g", "price": "$7.00", "unit_price": "$2.50 per 100g"},
{"product_name": "Carman's Classic Fruit & Nut Muesli | 500g", "price": "$6.90", "unit_price": "$1.38 per 100g"},
{"product_name": "Carman's Low Sugar Low Carb Bars Honeycomb Crunch 120g | 3 pack", "price": "$6.90", "unit_price": "$5.75 per 100g"},
{"product_name": "Red Tractor Organic Instant Oats | 1kg", "price": "$6.75", "unit_price": "$0.68 per 100g"},
{"product_name": "Kellogg's All-Bran Original High Fibre Breakfast Cereal | 350g", "price": "$6.50", "unit_price": "$1.86 per 100g"},
{"product_name": "Uncle Tobys Fruity Bites Wildberry Flavour Cereal | 500g", "price": "$6.50", "unit_price": "$1.30 per 100g"},
{"product_name": "Kettle Potato Chips Sea Salt | 300g", "price": "$6.50", "unit_price": "$2.17 per 100g"},
{"product_name": "Sole Mare Portuguese Style Sardines In Extra Virgin Olive Oil | 120g", "price": "$2.40", "unit_price": "$20.00 per 1kg"},
{"product_name": "Coles Fruity Sherbet Bombs | 200g", "price": "$2.35", "unit_price": "$1.18 per 100g"},
{"product_name": "Campbell's Chunky Soup Can Stock Pot | 505g", "price": "$2.25", "unit_price": "$0.45 per 100g"},
{"product_name": "Coles Pineapple In Syrup 4 Pack | 480g", "price": "$2.20", "unit_price": "$4.58 per 1kg"},
{"product_name": "Green's Pancake Shake Mix Original | 200g", "price": "$2.20", "unit_price": "$1.10 per 100g"},
{"product_name": "Campbell's Condensed Soup Can Tomato | 420g", "price": "$2.20", "unit_price": "$0.52 per 100g"},
{"product_name": "Coles Jelly Cups Strawberry 4 Pack | 500g", "price": "$2.10", "unit_price": "$0.42 per 100g"},
{"product_name": "Fyna Liquorice Wheel 2M | 240g", "price": "$2.00", "unit_price": "$0.83 per 100g"},
{"product_name": "Divella Spaghetti Ristorante No 8 Pasta | 500g", "price": "$2.00", "unit_price": "$0.40 per 100g"},
{"product_name": "Twinings Earl Grey Tea Bags 10 pack | 20g", "price": "$2.00", "unit_price": "$0.20 per 1ea"},
{"product_name": "Hoyts Chilli Powder | 50g", "price": "$2.00", "unit_price": "$0.40 per 10g"},
{"product_name": "Twinings Infused Orange & Cinnamon Tea Bags | 10 pack", "price": "$2.00", "unit_price": "$0.20 per 1ea"},
{"product_name": "Nestle Peppermint Crisp | 49g", "price": "$1.80", "unit_price": "$3.67 per 100g"},
{"product_name": "Coles Organic Wholemeal Spaghetti | 500g", "price": "$1.65", "unit_price": "$0.33 per 100g"},
{"product_name": "Coles Organic Beans Red Kidney | 400g", "price": "$1.50", "unit_price": "$3.75 per 1kg"},
{"product_name": "Shan R & S Mix Bombay Biryani | 60g", "price": "$1.90", "unit_price": "$0.32 per 10g"},
{"product_name": "BC Snacks Raspberry Truffle Flavoured High Protein Bar | 40g", "price": "$3.50", "unit_price": null},
{"product_name": "Continental Alfredo With Garlic & Herb Family Pasta & Sauce | 145g", "price": "$3.50", "unit_price": "$2.41 per 100g"},
{"product_name": "ABC Extra Hot Chilli Sauce | 335mL", "price": "$3.40", "unit_price": "$1.01 per 100mL"},
{"product_name": "MasterFoods Hot Chilli Flakes | 18g", "price": "$3.30", "unit_price": "$1.83 per 10g"},
{"product_name": "Lindt Excellence Sea Salt Caramel Dark Chocolate Block | 100g", "price": "$3.30", "unit_price": "$3.30 per 100g"},
{"product_name": "Golden Circle Australian Pineapple Pieces In Juice | 225g", "price": "$3.25", "unit_price": "$14.44 per 1kg"},
{"product_name": "Coles Mayonnaise With Dill Pickle | 360g", "price": "$3.20", "unit_price": "$0.89 per 100g"},
{"product_name": "MasterFoods Ground Cumin Seeds | 25g", "price": "$3.20", "unit_price": "$1.28 per 10g"},
{"product_name": "Olina's Parmesan & Onion Mediterranean Crackers | 90g", "price": "$3.15", "unit_price": "$3.50 per 100g"},
{"product_name": "Paul Newman's Own Creamy Caesar Dressing | 250mL", "price": "$3.00", "unit_price": "$1.20 per 100mL"},
{"product_name": "Massel Salt Reduced Chicken Stock Cubes | 105g", "price": "$3.00", "unit_price": "$0.29 per 10g"},
{"product_name": "MasterFoods Garlic & Herb Salt | 62g", "price": "$3.00", "unit_price": "$0.48 per 10g"},
{"product_name": "Nissin Ramen Black Garlic Tonkotsu | 174g", "price": "$3.00", "unit_price": "$1.72 per 100g"},
{"product_name": "Sunrice Risotto Style Rice | 750g", "price": "$3.00", "unit_price": "$0.40 per 100g"},
{"product_name": "Maxines Burn Cookies & Cream High Protein Cookie | 40g", "price": "$3.00", "unit_price": "$7.50 per 100g"},
{"product_name": "Coles Mum's Sause Pizza | 415g", "price": "$3.00", "unit_price": "$0.72 per 100g"},
{"product_name": "Werther's Original Chewy Toffees | 135g", "price": "$4.60", "unit_price": "$3.41 per 100g"},
{"product_name": "Werther's Original Cream Candies 3 pack | 150g", "price": "$4.60", "unit_price": "$3.07 per 100g"},
{"product_name": "Goulburn Valley Pears In Juice | 700g", "price": "$4.60", "unit_price": "$6.57 per 1kg"},
{"product_name": "Campbell's Real Stock Vegetable Stock Salt Reduced | 1L", "price": "$4.50", "unit_price": "$0.45 per 100mL"},
{"product_name": "Vege Fusions Asian Corn Crisps | 60g", "price": "$4.50", "unit_price": "$7.50 per 100g"},
{"product_name": "Musashi Protein Deluxe Cinnamon Scroll | 60g", "price": "$4.50", "unit_price": "$7.50 per 100g"},
{"product_name": "Glory Coconut Spread | 400g", "price": "$4.50", "unit_price": "$1.13 per 100g"},
{"product_name": "Extra Intense Mint Sugar Free Chewing Gum | 64g", "price": "$4.50", "unit_price": "$7.03 per 100g"},
{"product_name": "Old El Paso Mexe Beans | 425g", "price": "$4.50", "unit_price": "$1.06 per 100g"},
{"product_name": "Coles Urban Coffee Culture Strong Ground Coffee | 250g", "price": "$4.50", "unit_price": "$1.80 per 100g"},
{"product_name": "Mutti Organic Passata | 560g", "price": "$4.50", "unit_price": "$0.80 per 100g"},
{"product_name": "Sandhurst Sauerkraut | 500g", "price": "$4.50", "unit_price": "$9.00 per 1kg"},
{"product_name": "Gaganis Premium Red Rosy Split Lentils | 1kg", "price": "$4.40", "unit_price": "$4.40 per 1kg"},
{"product_name": "Heinz Big'N Chunky Peppered Steak Soup | 535g", "price": "$4.40", "unit_price": "$0.82 per 100g"},
{"product_name": "Pureharvest Organic Tamari Soy Sauce Wheat Free Salt Reduced | 250mL", "price": "$4.30", "unit_price": "$1.72 per 100mL"},
{"product_name": "Julies Butter Crackers | 250g", "price": "$4.30", "unit_price": "$1.72 per 100g"},
{"product_name": "Kellogg's Sultana Bran With Oat Clusters Breakfast Cereal | 480g", "price": "$7.00", "unit_price": "$1.46 per 100g"},
{"product_name": "Donna Hay Premium Molten Choc Chunk Brownie | 565g", "price": "$7.00", "unit_price": "$1.24 per 100g"},
{"product_name": "Carman's Natural Bircher Muesli | 500g", "price": "$6.90", "unit_price": "$1.38 per 100g"},
{"product_name": "Carman's Original Fruit Free Muesli | 500g", "price": "$6.90", "unit_price": "$1.38 per 100g"},
{"product_name": "Carman's Super Berry Cranberry Blueberry & Goji Muesli | 500g", "price": "$6.90", "unit_price": "$1.38 per 100g"},
{"product_name": "Red Tractor Wheat Free Rolled Oats | 600g", "price": "$6.80", "unit_price": "$1.13 per 100g"},
{"product_name": "Twinings Irish Breakfast Tea Bags 100 pack | 200g", "price": "$6.75", "unit_price": "$0.07 per 1ea"},
{"product_name": "Uncle Tobys Goodness Bowl Wholegrain Flakes Apple Raspberry And Coconut | 550g", "price": "$6.50", "unit_price": "$1.18 per 100g"},
{"product_name": "Uncle Tobys Oats Quick Sachets Breakfast Cereal Original Big Bowl | 368g", "price": "$6.50", "unit_price": "$1.77 per 100g"},
{"product_name": "Heinz Peri Peri Mayonnaise Mayo | 500mL", "price": "$6.50", "unit_price": "$1.30 per 100mL"},
{"product_name": "Heinz Seriously Good Garlic Aioli Mayonnaise | 500mL", "price": "$6.50", "unit_price": "$1.30 per 100mL"},
{"product_name": "Uncle Tobys Oats Quick Sachets Fruit Variety | 350g", "price": "$6.30", "unit_price": "$1.80 per 100g"},
{"product_name": "Nerada Organics Peppermint Tea Bags 40 Pack | 60g", "price": "$6.00", "unit_price": "$0.15 per 1ea"},
{"product_name": "Table Of Plenty Snack Pack Milk Chocolate Mini Rice Cakes 6 Pack | 84g", "price": "$6.00", "unit_price": "$7.14 per 100g"},
{"product_name": "Hoyts Cinnamon Sticks | 45g", "price": "$6.00", "unit_price": "$1.33 per 10g"},
{"product_name": "Hershey's Chocolate Flavor Syrup | 680g", "price": "$6.00", "unit_price": "$0.88 per 100g"},
{"product_name": "Annalisa 4 Bean Mix | 400g", "price": "$1.90", "unit_price": "$4.75 per 1kg"},
{"product_name": "Chaokoh Coconut Juice With Pulp | 350mL", "price": "$1.85", "unit_price": "$5.29 per 1L"},
{"product_name": "Suimin Mi Goreng Noodle Cup | 70g", "price": "$1.85", "unit_price": "$2.64 per 100g"},
{"product_name": "Coles Organic Tomatoes ITA Whole Peeled | 400g", "price": "$1.80", "unit_price": "$4.50 per 1kg"},
{"product_name": "Cadbury Picnic Chocolate Bars Twin Pack | 67g", "price": "$1.80", "unit_price": "$2.69 per 100g"},
{"product_name": "Coles Balsamic Dressing | 300mL", "price": "$1.80", "unit_price": "$0.60 per 100mL"},
{"product_name": "Coles Peas & Carrots | 420g", "price": "$1.80", "unit_price": "$4.29 per 1kg"},
{"product_name": "Mama Chicken Noodles Jumbo Pack | 90g", "price": "$1.75", "unit_price": "$1.94 per 100g"},
{"product_name": "Mama Pork Noodles Jumbo Pack | 90g", "price": "$1.75", "unit_price": "$1.94 per 100g"},
{"product_name": "Glico Pocky Green Tea Matcha Biscuit Sticks | 35g", "price": "$1.70", "unit_price": "$4.86 per 100g"},
{"product_name": "Coles Organic Penne Pasta | 500g", "price": "$1.65", "unit_price": "$0.33 per 100g"},
{"product_name": "Hoyts Vanillin Sugar | 25g", "price": "$1.50", "unit_price": "$0.60 per 10g"},
{"product_name": "Aeroplane Ready To Eat Strawberry Jelly | 120g", "price": "$1.50", "unit_price": "$1.25 per 100g"},
{"product_name": "Tasty Toobs Tangy Snack | 70g", "price": "$1.35", "unit_price": "$1.93 per 100g"},
{"product_name": "Obento Sliced Pickled Ginger Amazu Shoga | 100g", "price": "$1.30", "unit_price": "$13.00 per 1kg"},
{"product_name": "Aeroplane Blue Heaven Jelly Crystals | 85g", "price": "$1.20", "unit_price": "$1.41 per 100g"},
{"product_name": "Brunswick Original Kippers | 100g", "price": "$2.90", "unit_price": "$29.00 per 1kg"},
{"product_name": "Maharajah's Choice Semolina Coarse | 1kg", "price": "$2.85", "unit_price": "$0.29 per 100g"},
{"product_name": "Hoyts Hungarian Sweet Paprika  | 100g", "price": "$2.85", "unit_price": "$0.29 per 10g"},
{"product_name": "Continental Cup A Soup Thai Red Curry Serves 2 | 60g", "price": "$2.80", "unit_price": "$4.67 per 100g"},
{"product_name": "Green's Pancake Shake Mix Maple Syrup | 325g", "price": "$2.80", "unit_price": "$0.86 per 100g"},
{"product_name": "Gravox Roast Chicken With Herbs Liquid Gravy Pouch | 165g", "price": "$2.80", "unit_price": "$1.70 per 100g"},
{"product_name": "Continental Cup A Soup Chicken With Lots of Noodles Serves 2 | 60g", "price": "$2.80", "unit_price": "$4.67 per 100g"},
{"product_name": "Kan Tong Sweet & Sour Stir Fry Cooking Sauce | 515g", "price": "$2.80", "unit_price": "$0.54 per 100g"},
{"product_name": "Kellogg's K-Time Baked Twists Raspberry & Apple Flavour Filled Snack Bars 5 pack | 185g", "price": "$2.75", "unit_price": "$1.49 per 100g"},
{"product_name": "M&Ms Milk Chocolate Snack & Share Bag | 180g", "price": "$2.75", "unit_price": "$1.53 per 100g"},
{"product_name": "Darrell Lea Milk Chocolate Raspberry Rocklea Road Block | 180g", "price": "$2.75", "unit_price": "$1.53 per 100g"},
{"product_name": "John West Tempters Mild Indian Curry Tuna | 95g", "price": "$2.70", "unit_price": "$28.42 per 1kg"},
{"product_name": "Wokka Udon Wok Ready Noodles | 440g", "price": "$2.70", "unit_price": "$0.61 per 100g"},
{"product_name": "MasterFoods Thyme Leaves | 10g", "price": "$2.70", "unit_price": "$2.70 per 10g"},
{"product_name": "Always Fresh Mini Toasts Value Pack | 90g", "price": "$2.70", "unit_price": "$3.00 per 100g"},
{"product_name": "Three Threes Sweet Mustard Pickles | 520g", "price": "$2.70", "unit_price": "$0.52 per 100g"},
{"product_name": "Leggo's Thick & Chunky Rustic Passata | 700g", "price": "$4.00", "unit_price": "$0.57 per 100g"},
{"product_name": "Ozesauce Gluten Free Tomato Sauce | 500mL", "price": "$4.00", "unit_price": "$0.80 per 100mL"},
{"product_name": "Cadbury Caramilk Slices Hedgehog Chocolate Block | 165g", "price": "$3.85", "unit_price": "$2.33 per 100g"},
{"product_name": "Cadbury Dairy Milk Turkish Delight Chocolate Block  | 180g", "price": "$3.85", "unit_price": "$2.14 per 100g"},
{"product_name": "Darrell Lea BB's Coconut Rough Milk Chocolate Balls | 168g", "price": "$3.80", "unit_price": "$2.26 per 100g"},
{"product_name": "Coles Asia Nori 10 Sheets | 28g", "price": "$3.80", "unit_price": "$13.57 per 100g"},
{"product_name": "Vittoria Colombia Nespresso Compatible Coffee Capsules | 10 pack", "price": "$3.75", "unit_price": "$0.38 per 1ea"},
{"product_name": "Vittoria Inca Peru Nespresso Compatible Coffee Capsules | 10 pack", "price": "$3.75", "unit_price": "$0.38 per 1ea"},
{"product_name": "Vittoria Mountain Grown Nespresso Compatible Coffee Capsules | 10 pack", "price": "$3.75", "unit_price": "$0.38 per 1ea"},
{"product_name": "Mike & Ike Megamix Chewy Candy Sour | 141g", "price": "$3.70", "unit_price": "$2.62 per 100g"},
{"product_name": "Coles Natural Cashews | 150g", "price": "$3.70", "unit_price": "$24.67 per 1kg"},
{"product_name": "Spliits Crispbread Sweet Potato | 130g", "price": "$3.65", "unit_price": "$2.81 per 100g"},
{"product_name": "Jelly B Drinkable Konjac Jelly Blueberry Flavour | 150mL", "price": "$3.65", "unit_price": "$2.43 per 100mL"},
{"product_name": "Val Verde Passata Rustica Sauce | 680g", "price": "$3.65", "unit_price": "$0.54 per 100g"},
{"product_name": "McKenzie's Shredded Coconut Pouches | 215g", "price": "$3.60", "unit_price": "$16.74 per 1kg"},
{"product_name": "White Wings Wholemeal Plain Flour | 1kg", "price": "$3.60", "unit_price": "$3.60 per 1kg"},
{"product_name": "Gaganis Chick Peas | 1kg", "price": "$5.50", "unit_price": "$5.50 per 1kg"},
{"product_name": "Sunrice Mexican Style Rice Pouch | 450g", "price": "$5.50", "unit_price": "$1.22 per 100g"},
{"product_name": "Cadbury Old Gold Peanut Brittle Dark Chocolate Block | 175g", "price": "$5.50", "unit_price": "$3.14 per 100g"},
{"product_name": "Hoyts Crushed Dried Chilli | 100g", "price": "$5.50", "unit_price": "$0.55 per 10g"},
{"product_name": "Carmans Chocolate Mint Slice | 110g", "price": "$5.50", "unit_price": "$5.00 per 100g"},
{"product_name": "Bega Simply Nuts Crunchy Peanut Butter | 325g", "price": "$5.50", "unit_price": "$1.69 per 100g"},
{"product_name": "Leggo's Stir Through Tomato Olive Chilli Sauce | 350g", "price": "$5.30", "unit_price": "$1.51 per 100g"},
{"product_name": "Sanitarium Up&Go Dairy Free Vanilla 3x250mL | 750mL", "price": "$5.20", "unit_price": "$6.93 per 1L"},
{"product_name": "Nescafe Farmers Origins Brazil Lungo Capsules | 10 pack", "price": "$5.20", "unit_price": "$0.52 per 1ea"},
{"product_name": "Harvest Snaps Pea Mexicana | 120g", "price": "$5.00", "unit_price": "$4.17 per 100g"},
{"product_name": "Moreish Cookies and Cream Gold Chocolate | 180g", "price": "$5.00", "unit_price": "$2.78 per 100g"},
{"product_name": "Allen's Lollies Jaffas Orange Chocolate | 160g", "price": "$5.00", "unit_price": "$3.13 per 100g"},
{"product_name": "Carmans Gourmet Porridge Almond Pecan & Hazelnut | 320g", "price": "$5.00", "unit_price": "$1.56 per 100g"},
{"product_name": "Carman's Gourmet Porridge Sachet Super Berry & Coconut | 320g", "price": "$5.00", "unit_price": "$1.56 per 100g"},
{"product_name": "Sacla Cherry Tomato Parmigiano Reggiano Pasta Sauce | 420g", "price": "$5.00", "unit_price": "$1.19 per 100g"},
{"product_name": "Cadbury Baking Dark Chocolate Block | 180g", "price": "$5.00", "unit_price": "$2.78 per 100g"},
{"product_name": "Beechworth Honey 100% Pure Australian Honey Tub | 1.5kg", "price": "$22.00", "unit_price": "$1.47 per 100g"},
{"product_name": "Vittoria Organic Espresso Coffee Beans | 1kg", "price": "$20.00", "unit_price": "$2.00 per 100g"},
{"product_name": "Sunrice Medium Grain Brown Rice | 5kg", "price": "$19.00", "unit_price": "$0.38 per 100g"},
{"product_name": "Laucke Wallaby Bakers Plain Flour | 5kg", "price": "$14.00", "unit_price": "$2.80 per 1kg"},
{"product_name": "Beechworth Bee Raw Honey & Honeycomb | 350g", "price": "$12.00", "unit_price": "$3.43 per 100g"},
{"product_name": "Nescafe Gold Original Premium Instant Coffee | 100g", "price": "$11.50", "unit_price": "$11.50 per 100g"},
{"product_name": "Coco Earth Grass Fed Ghee Butter | 500mL", "price": "$11.20", "unit_price": "$2.24 per 100mL"},
{"product_name": "Kikkoman Soy Sauce | 1L", "price": "$11.00", "unit_price": "$1.10 per 100mL"},
{"product_name": "Red Tractor Tricolour Quinoa Grain | 600g", "price": "$10.00", "unit_price": "$1.67 per 100g"},
{"product_name": "John West Wild Alaskan Red Salmon | 210g", "price": "$10.00", "unit_price": "$47.62 per 1kg"},
{"product_name": "Twinings Live Well Sleep+ Herbal Tea Bags | 20 pack", "price": "$8.50", "unit_price": "$0.43 per 1ea"},
{"product_name": "Wellness Road Australian Hulled Hemp Seeds | 200g", "price": "$8.50", "unit_price": "$4.25 per 100g"},
{"product_name": "Mayvers Smunchy Natural Almond Butter | 240g", "price": "$8.50", "unit_price": "$3.54 per 100g"},
{"product_name": "Uncle Toby's Muesli Bars Strawberry Yoghurt Varieties 469g | 15 pack", "price": "$8.00", "unit_price": "$1.71 per 100g"},
{"product_name": "Toblerone Swiss Milk Chocolate With Honey And Almond Nougat | 120g", "price": "$8.00", "unit_price": "$6.67 per 100g"},
{"product_name": "Real Gum Plastic Free Chewing Gum Fruity Fresh | 22g", "price": "$2.50", "unit_price": "$11.36 per 100g"},
{"product_name": "Pringles Potato Chips Salt & Vinegar | 53g", "price": "$2.50", "unit_price": "$4.72 per 100g"},
{"product_name": "The Big Cheese Mac & Cheese Bowl | 105g", "price": "$2.40", "unit_price": "$2.29 per 100g"},
{"product_name": "Vetta Smart Fibre Kids Dinosaurs Pasta | 500g", "price": "$2.35", "unit_price": "$0.47 per 100g"},
{"product_name": "Heinz Soup For One Creamy Tomato Can | 300g", "price": "$2.30", "unit_price": "$0.77 per 100g"},
{"product_name": "Coles Belgian White Chocolate Block | 200g", "price": "$2.30", "unit_price": "$1.15 per 100g"},
{"product_name": "OBAP Sweet Potato Noodles | 100g", "price": "$2.30", "unit_price": "$2.30 per 100g"},
{"product_name": "Werther's Original Cream Candies No Sugar Added | 42g", "price": "$2.30", "unit_price": "$5.48 per 100g"},
{"product_name": "Campbell's Country Ladle Soup Can Rich & Creamy Pumpkin | 500g", "price": "$2.25", "unit_price": "$0.45 per 100g"},
{"product_name": "Indomie Chitato MI Goreng Potato Chips | 55g", "price": "$2.25", "unit_price": "$4.09 per 100g"},
{"product_name": "Ardmona Classic Rich & Thick Tomatoes | 410g", "price": "$2.20", "unit_price": "$5.37 per 1kg"},
{"product_name": "Coles Pears In Blackcurrant Jelly 4 Pack | 500g", "price": "$2.20", "unit_price": "$4.40 per 1kg"},
{"product_name": "Coles Pretzel Twists | 200g", "price": null, "unit_price": null},
{"product_name": "Coles Simply Tomato & Basil Pasta Sauce | 510g", "price": "$2.10", "unit_price": "$0.41 per 100g"},
{"product_name": "Sungrow Rice Black | 500g", "price": "$3.50", "unit_price": "$0.70 per 100g"},
{"product_name": "Continental Sensations Harvest Pumpkin & Sour Cream Soup Serves 2 | 70g", "price": "$3.50", "unit_price": "$5.00 per 100g"},
{"product_name": "Coles Dark Compound Chocolate Buttons | 375g", "price": "$2.50", "unit_price": "$0.67 per 100g"},
{"product_name": "Continental Sensation Vine Ripened Tomato & Ricotta Soup Serves 2 | 54g", "price": "$3.50", "unit_price": "$6.48 per 100g"},
{"product_name": "Nestle Bakers' Choice Milk Chocolate Melts | 290g", "price": "$3.50", "unit_price": "$1.21 per 100g"},
{"product_name": "Barilla Linguine Pasta | 500g", "price": "$3.50", "unit_price": "$0.70 per 100g"},
{"product_name": "Arnott's Monte Chocolate Biscuits | 200g", "price": "$3.50", "unit_price": "$1.75 per 100g"},
{"product_name": "Mission Reduced Salt Tortillas | 567g", "price": "$3.40", "unit_price": "$0.60 per 100g"},
{"product_name": "John West Wild Scottish Sardines With Rosemary & Sea Salt | 110g", "price": "$3.40", "unit_price": "$30.91 per 1kg"},
{"product_name": "Nando's Peri Peri Medium Rub | 25g", "price": "$3.40", "unit_price": "$1.36 per 10g"},
{"product_name": "Lindt Excellence Roasted Almond Dark Chocolate Block | 100g", "price": "$3.30", "unit_price": "$3.30 per 100g"},
{"product_name": "Sunbites Caramelised Onion & Balsamic Snack Crackers | 110g", "price": "$3.30", "unit_price": "$3.00 per 100g"},
{"product_name": "Coles Chocolate Topping | 615g", "price": "$3.20", "unit_price": "$0.52 per 100g"},
{"product_name": "Golden Circle Tropical Pineapple Pieces | 425g", "price": "$3.10", "unit_price": "$7.29 per 1kg"},
{"product_name": "Pattu Chilli Whole Stemless | 100g", "price": "$3.20", "unit_price": "$0.32 per 10g"},
{"product_name": "Cadbury Milk Chocolate Baking Block | 180g", "price": "$5.00", "unit_price": "$2.78 per 100g"},
{"product_name": "Eclipse Peppermint Chewy Mints Bottle | 93g", "price": "$5.00", "unit_price": "$5.38 per 100g"},
{"product_name": "Goulburn Valley Two Fruits In Juice | 700g", "price": "$4.60", "unit_price": "$6.57 per 1kg"},
{"product_name": "Kong Foo Sing Fortune Cookies | 100g", "price": "$4.80", "unit_price": "$4.80 per 100g"},
{"product_name": "In A Biskit Chicken Drumstick Crackers 8 Pack | 168g", "price": "$4.50", "unit_price": "$2.68 per 100g"},
{"product_name": "Nice & Natural Salted Caramel Protein Nut Bars With 3 Superseeds 5 Pack | 165g", "price": "$4.80", "unit_price": "$2.91 per 100g"},
{"product_name": "BSc Bodyscience High Protein Low Carb Bar Toffee Apple | 60g", "price": "$4.50", "unit_price": "$7.50 per 100g"},
{"product_name": "Musashi Protein Crisp Bar Vanilla Caramel | 60g", "price": "$4.50", "unit_price": "$7.50 per 100g"},
{"product_name": "Musashi Protein Crisp Bar Dark Choc Mint | 60g", "price": "$4.50", "unit_price": "$7.50 per 100g"},
{"product_name": "Daley Street Medium Coffee Ground | 200g", "price": "$4.50", "unit_price": "$2.25 per 100g"},
{"product_name": "Musashi Shred & Burn Chocolate Protein Shake | 375mL", "price": "$4.50", "unit_price": "$1.20 per 100mL"},
{"product_name": "Table Of Plenty Multipack Popped Rice Cakes Pizza 6 Pack | 90g", "price": "$4.40", "unit_price": "$4.89 per 100g"},
{"product_name": "Avalanche Cappuccino Sugar Free Coffee Sachets | 10 pack", "price": "$4.40", "unit_price": "$0.44 per 1ea"},
{"product_name": "Golden Circle Canned Pineapple Slices In Syrup | 450g", "price": "$4.40", "unit_price": "$9.78 per 1kg"},
{"product_name": "Coles Cocoa Puffs | 475g", "price": "$4.30", "unit_price": "$1.01 per 100g"},
{"product_name": "Starbucks By Nespresso Caffe Verona Capsules | 10 pack", "price": "$7.90", "unit_price": "$0.79 per 1ea"},
{"product_name": "Starbucks By Nespresso Dark Espresso Roast Capsules | 10 pack", "price": "$7.90", "unit_price": "$0.79 per 1ea"},
{"product_name": "Colomba Fillets Of Anchovies In Sunflower Oil | 150g", "price": "$7.65", "unit_price": "$51.00 per 1kg"},
{"product_name": "Uncle Tobys Cheerios Low Sugar Breakfast Cereal | 450g", "price": "$7.50", "unit_price": "$1.67 per 100g"},
{"product_name": "Kellogg's LCMs Rice Bubbles Choc Chip 12 Pack | 240g", "price": "$7.50", "unit_price": "$3.13 per 100g"},
{"product_name": "Kellogg's LCMs Split Stix Yoghurty 12 Pack | 264g", "price": "$7.50", "unit_price": "$2.84 per 100g"},
{"product_name": "Betty Crocker Milk Chocolate Chunk Cookie Mix | 485g", "price": "$7.00", "unit_price": "$1.44 per 100g"},
{"product_name": "Lindt Lindor White Assorted Chocolate Bag | 121g", "price": "$7.00", "unit_price": "$5.79 per 100g"},
{"product_name": "Twinings Green Tea & Lemon Tea Bags | 100g", "price": "$7.00", "unit_price": "$0.14 per 1ea"},
{"product_name": "Cadbury Milk Chocolate Coated Hazelnut | 280g", "price": "$7.00", "unit_price": "$2.50 per 100g"},
{"product_name": "Cobram Chilli Infused Oil | 250mL", "price": "$6.90", "unit_price": "$2.76 per 100mL"},
{"product_name": "Nature Valley Salted Caramel Protein Bar | 160g", "price": "$6.90", "unit_price": "$4.31 per 100g"},
{"product_name": "Nando's Extra Bloody Peri-Peri Hot Sauce | 250g", "price": "$6.80", "unit_price": "$2.72 per 100g"},
{"product_name": "Plumrose Skinless Hot Dog | 560g", "price": "$6.50", "unit_price": "$11.61 per 1kg"},
{"product_name": "KitKat Green Tea Chocolate Share Bag | 136g", "price": "$6.50", "unit_price": "$4.78 per 100g"},
{"product_name": "La Costena Chipotle In Adobo Sauce | 230g", "price": "$6.50", "unit_price": "$2.83 per 100g"},
{"product_name": "Hoyts Whole Cumin Seeds | 25g", "price": "$2.25", "unit_price": "$0.90 per 10g"},
{"product_name": "Coles Butter Popcorn | 100g", "price": "$2.20", "unit_price": "$2.20 per 100g"},
{"product_name": "Hoyts Dry Hot Chillies | 25g", "price": "$2.20", "unit_price": "$0.88 per 10g"},
{"product_name": "Hershey's Cookies N Creme Bar | 40g", "price": "$2.20", "unit_price": "$5.50 per 100g"},
{"product_name": "Coles Five Spice Chinese | 41g", "price": "$2.10", "unit_price": "$0.51 per 10g"},
{"product_name": "Coles Potato Whole Baby | 410g", "price": "$2.00", "unit_price": "$4.88 per 1kg"},
{"product_name": "Twining's Mango & Strawberry Infusions Tea Bags | 10 pack", "price": "$2.00", "unit_price": "$0.20 per 1ea"},
{"product_name": "Double Phoenix Red Prawn Crackers | 200g", "price": "$1.90", "unit_price": "$0.95 per 100g"},
{"product_name": "McKenzie's Soup Mix | 500g", "price": "$1.90", "unit_price": "$0.38 per 100g"},
{"product_name": "Coles Rice Cream Vanilla | 420g", "price": "$1.75", "unit_price": "$0.42 per 100g"},
{"product_name": "SPC Baked Beans in Rich Tomato Salt Reduced | 425g", "price": "$1.75", "unit_price": "$4.12 per 1kg"},
{"product_name": "Maggi Gluten Free Recipe Bases Satay Chicken | 43g", "price": "$1.75", "unit_price": "$4.07 per 100g"},
{"product_name": "Donski Sticks Mild | 20g", "price": "$1.70", "unit_price": "$8.50 per 100g"},
{"product_name": "Coles Mussels In Oil | 85g", "price": "$1.70", "unit_price": "$20.00 per 1kg"},
{"product_name": "Obento Ramen Noodles | 150g", "price": "$1.55", "unit_price": "$1.03 per 100g"},
{"product_name": "Coles Baby Peas | 420g", "price": "$1.50", "unit_price": "$3.57 per 1kg"},
{"product_name": "Tic Tac Fruit Adventure | 24g", "price": "$1.50", "unit_price": "$6.25 per 100g"},
{"product_name": "Aeroplane Blackcurrant Jelly Crystals 30% Reduced Sugar | 85g", "price": "$1.45", "unit_price": "$1.71 per 100g"},
{"product_name": "Napolina Plum Tomatoes | 400g", "price": "$1.40", "unit_price": "$3.50 per 1kg"},
{"product_name": "Edgell Garden Peas | 220g", "price": "$1.40", "unit_price": "$6.36 per 1kg"},
{"product_name": "Coles Fruit Chutney | 270g", "price": "$2.80", "unit_price": null},
{"product_name": "Queen Rainbow Food Colour 4 pack | 28mL", "price": "$3.20", "unit_price": "$1.14 per 10mL"},
{"product_name": "Coles Raw Peanuts | 375g", "price": "$3.20", "unit_price": "$8.53 per 1kg"},
{"product_name": "Hoyts Turmeric | 25g", "price": "$1.80", "unit_price": "$0.72 per 10g"},
{"product_name": "Hoyts Cardamom Pods | 10g", "price": "$3.10", "unit_price": "$3.10 per 10g"},
{"product_name": "MasterFoods Honey Mustard Chicken Recipe Base | 175g", "price": "$3.00", "unit_price": "$1.71 per 100g"},
{"product_name": "180 Degrees Grazers Crackers Parmesan & Oat | 100g", "price": "$3.00", "unit_price": "$3.00 per 100g"},
{"product_name": "CSR Demerara Sugar | 375g", "price": "$3.00", "unit_price": "$0.80 per 100g"},
{"product_name": "Dolmio Pasta Sauce 7 Veg Mediterranean | 500g", "price": "$3.00", "unit_price": "$0.60 per 100g"},
{"product_name": "Maxines Burn Double Choc High Protein Cookie | 40g", "price": "$3.00", "unit_price": "$7.50 per 100g"},
{"product_name": "Haday Delicious Superior Light Soy Sauce | 500mL", "price": "$3.00", "unit_price": "$0.60 per 100mL"},
{"product_name": "Sunny Days Sweet Co Jersey Caramel | 150g", "price": "$3.00", "unit_price": "$2.00 per 100g"},
{"product_name": "Milka Alpine Milk Chocolate | 100g", "price": "$3.00", "unit_price": "$3.00 per 100g"},
{"product_name": "Mentos Multipack Spearmint | 112g", "price": "$3.00", "unit_price": "$2.68 per 100g"},
{"product_name": "San Remo Angel Hair Short Pasta No 141  | 500g", "price": "$2.95", "unit_price": "$0.59 per 100g"},
{"product_name": "Leda Arrowroot Biscuits | 205g", "price": "$2.90", "unit_price": "$1.41 per 100g"},
{"product_name": "Obento Sushi Seasoning | 250mL", "price": "$2.85", "unit_price": "$1.14 per 100mL"},
{"product_name": "Cottees Ice Magic Chocolate Mint Ice Cream Topping | 220g", "price": "$4.50", "unit_price": "$2.05 per 100g"},
{"product_name": "Extra White Spearmint Sugar Free Chewing Gum | 64g", "price": "$4.50", "unit_price": "$7.03 per 100g"},
{"product_name": "Uncle Tobys Traditional Rolled Oats | 500g", "price": "$4.50", "unit_price": "$0.90 per 100g"},
{"product_name": "Heinz Soup Of The Day Old Fashioned Chicken Soup | 430g", "price": "$4.50", "unit_price": "$1.05 per 100g"},
{"product_name": "Heinz Big'N Chunky Beef And Veggies Soup | 535g", "price": "$4.40", "unit_price": "$0.82 per 100g"},
{"product_name": "Heinz Classic Italian Minestrone Soup Can | 535g", "price": "$4.40", "unit_price": "$0.82 per 100g"},
{"product_name": "Maharajah's Choice Mustard Oil | 500mL", "price": "$4.40", "unit_price": "$0.88 per 100mL"},
{"product_name": "Always Fresh Roasted Peppers Whole | 330g", "price": "$4.40", "unit_price": "$13.33 per 1kg"},
{"product_name": "Golden Circle Pineapple Crushed in Syrup | 450g", "price": "$4.40", "unit_price": "$9.78 per 1kg"},
{"product_name": "MasterFoods Portuguese Chicken Seasoning | 50g", "price": "$4.30", "unit_price": "$0.86 per 10g"},
{"product_name": "Wattie's Tomato Sauce | 560g", "price": "$4.30", "unit_price": "$0.77 per 100g"},
{"product_name": "Mr Chen's Vietnamese Beef Pho Kit | 500g", "price": "$4.25", "unit_price": "$0.85 per 100g"},
{"product_name": "Orgran Gluten Free Multigrain Quinoa Wafer Crackers | 100g", "price": "$4.20", "unit_price": "$4.20 per 100g"},
{"product_name": "Coles No Added Sugar Dark Choc | 100g", "price": "$4.00", "unit_price": "$4.00 per 100g"},
{"product_name": "Coles No Added Sugar Dark Choc With Orange | 100g", "price": "$4.00", "unit_price": "$4.00 per 100g"},
{"product_name": "Dilmah Extra Strength Premium Ceylon Tea Bags 50 Pack | 120g", "price": "$4.80", "unit_price": "$0.10 per 1ea"},
{"product_name": "Vegeta Real Gourmet Stock | 500g", "price": "$6.50", "unit_price": "$0.13 per 10g"},
{"product_name": "Uncle Tobys Oats Quick Sachets Breakfast Cereal Banana Honey Big Bowl | 368g", "price": "$6.50", "unit_price": "$1.77 per 100g"},
{"product_name": "Uncle Tobys Plus Fibre Breakfast Cereal | 430g", "price": "$6.50", "unit_price": "$1.51 per 100g"},
{"product_name": "Coles Asia Light Soy Sauce | 1.9L", "price": "$6.50", "unit_price": "$0.34 per 100mL"},
{"product_name": "John West Wild Alaskan Red Salmon | 105g", "price": "$6.50", "unit_price": "$61.90 per 1kg"},
{"product_name": "The No Nasties Project 50% Less Sugar Cereal Fruity Loops | 285g", "price": "$6.40", "unit_price": "$2.25 per 100g"},
{"product_name": "Nexba Liquid Brekkie Chocolate 3x250mL | 750mL", "price": "$6.25", "unit_price": "$0.83 per 100mL"},
{"product_name": "Passage Foods Passage To India Butter Chicken Simmer Sauce Pouch Extra Mild | 375g", "price": "$6.20", "unit_price": "$1.65 per 100g"},
{"product_name": "Darrell Lea Milk Chocolate Liquorice Bullets | 400g", "price": "$6.00", "unit_price": "$1.50 per 100g"},
{"product_name": "Cadbury Dairy Milk Strawberry Large Chocolate Block | 343g", "price": "$6.00", "unit_price": "$1.75 per 100g"},
{"product_name": "Bonne Maman Orange Marmalade | 370g", "price": "$6.00", "unit_price": "$1.62 per 100g"},
{"product_name": "Old El Paso Taco Shells Family Pack | 18 pack", "price": "$6.00", "unit_price": "$0.33 per 1ea"},
{"product_name": "Happy Snack Company Chickpeas Lightly Salted | 150g", "price": "$6.00", "unit_price": "$4.00 per 100g"},
{"product_name": "Happy Snack Company Fav-va Beans Lightly Salted | 150g", "price": "$6.00", "unit_price": "$4.00 per 100g"},
{"product_name": "Nestle Top N Fill Caramel | 395g", "price": "$5.90", "unit_price": "$1.49 per 100g"},
{"product_name": "Nerada Tea Bags 100 pack | 200g", "price": "$5.60", "unit_price": "$0.06 per 1ea"},
{"product_name": "Pauls Farmhouse Gold Full Cream Milk | 1.5L", "price": "$4.40", "unit_price": "$2.93 per 1L"},
{"product_name": "Vittoria Espresso Ground Coffee | 1kg", "price": "$37.00", "unit_price": "$3.70 per 100g"},
{"product_name": "Jed's No.X Extreme Coffee Beans | 1kg", "price": "$36.00", "unit_price": "$3.60 per 100g"},
{"product_name": "Ferrero Collection  Rocher Raffaello Rondnoir Chocolate Gift Box 24 Pack | 269g", "price": "$28.00", "unit_price": "$10.41 per 100g"},
{"product_name": "Guylian Chocolate Seashells | 250g", "price": "$21.00", "unit_price": "$8.40 per 100g"},
{"product_name": "Coles Wellness Road Black Chia Seeds | 1kg", "price": "$15.00", "unit_price": "$15.00 per 1kg"},
{"product_name": "Good By Grove Avocado Oil | 500mL", "price": "$15.00", "unit_price": "$3.00 per 100mL"},
{"product_name": "Pillsbury Chakki Atta Whole Wheat Flour | 5kg", "price": "$15.00", "unit_price": "$3.00 per 1kg"},
{"product_name": "Sanitarium Up&Go Liquid Breakfast Banana Fridge Pack 12X250mL | 3L", "price": "$14.50", "unit_price": "$4.83 per 1L"},
{"product_name": "Toblerone Chocolate | 750g", "price": "$14.00", "unit_price": "$1.87 per 100g"},
{"product_name": "Lavazza Intenso A Modo Mio Coffee Pods | 120g", "price": "$12.50", "unit_price": "$0.78 per 1ea"},
{"product_name": "Coles Family Classics Beef Curried Sausages | 800g", "price": "$12.00", "unit_price": "$15.00 per 1kg"},
{"product_name": "Coles Pappardelle | approx 100g", "price": "$1.20", "unit_price": "$12.00 per 1kg"},
{"product_name": "Coles Pine Nuts Prepacked | 200g", "price": "$12.00", "unit_price": "$60.00 per 1kg"},
{"product_name": "Nescafe Blend 43 Smooth & Creamy Instant Coffee | 140g", "price": "$11.50", "unit_price": "$8.21 per 100g"},
{"product_name": "Robert Timms Premium Espresso Extra Dark Roasted Granulated Coffee | 200g", "price": "$10.70", "unit_price": "$5.35 per 100g"},
{"product_name": "John West Tuna Tempters Teriyaki | 95g", "price": "$2.70", "unit_price": "$28.42 per 1kg"},
{"product_name": "Edgell Australian Grown Diced Beetroot | 425g", "price": "$2.70", "unit_price": "$6.35 per 1kg"},
{"product_name": "Coles Asia Premium Thai Coconut Cream | 400mL", "price": "$2.65", "unit_price": "$0.66 per 100mL"},
{"product_name": "John West Salmon Tempters Onion Tomato | 95g", "price": "$2.60", "unit_price": "$27.37 per 1kg"},
{"product_name": "Obento Teriyaki Marinade | 250mL", "price": "$2.60", "unit_price": "$1.04 per 100mL"},
{"product_name": "San Remo La Pasta Family Carbonara | 160g", "price": "$2.50", "unit_price": "$1.56 per 100g"},
{"product_name": "MasterFoods Cheese Finishing Sauce | 160g", "price": "$2.50", "unit_price": "$0.16 per 10g"},
{"product_name": "Edgell No Added Salt Organic Chickpeas | 400g", "price": "$2.50", "unit_price": "$6.25 per 1kg"},
{"product_name": "Maggi Fusian Instant Cup Noodles Malaysian Laksa 5 Pack | 61g", "price": "$2.50", "unit_price": "$4.10 per 100g"},
{"product_name": "Maggi Fusian Instant Cup Noodles Japanese Teriyaki | 62g", "price": "$2.50", "unit_price": "$4.03 per 100g"},
{"product_name": "MasterFoods Onion Salt Seasoning | 68g", "price": "$2.50", "unit_price": "$0.37 per 10g"},
{"product_name": "Coles Mixed Herbs | 13g", "price": "$2.40", "unit_price": "$1.85 per 10g"},
{"product_name": "Jade Phoenix Hoisin Sauce | 230g", "price": "$2.40", "unit_price": "$1.04 per 100g"},
{"product_name": "MasterFoods Ground Coriander Seeds | 25g", "price": "$2.40", "unit_price": "$0.96 per 10g"},
{"product_name": "Coles Rosemary Leaves | 28g", "price": "$2.30", "unit_price": "$0.82 per 10g"},
{"product_name": "Fantastic Delites Rice Snacks Flame Grilled BBQ | 100g", "price": "$2.30", "unit_price": "$2.30 per 100g"},
{"product_name": "Continental Sensation Creamy Roast Chicken Spring Onion Soup Serves 2 | 61g", "price": "$3.50", "unit_price": "$5.74 per 100g"},
{"product_name": "Continental Sensation Thai Pumpkin Coconut Soup Serves 2 | 62g", "price": "$3.50", "unit_price": "$5.65 per 100g"},
{"product_name": "Sakata Sweet & Salty Rice Puffs Crackers | 72g", "price": "$3.50", "unit_price": "$4.86 per 100g"},
{"product_name": "Coles Assorted Crackers | 250g", "price": "$3.50", "unit_price": "$1.40 per 100g"},
{"product_name": "Hart & Soul Chicken & Corn Pouch | 400g", "price": "$3.50", "unit_price": "$0.88 per 100g"},
{"product_name": "Clif Cool Mint Chocolate Energy Bar | 68g", "price": "$3.50", "unit_price": "$5.15 per 100g"},
{"product_name": "Coles I'M Free From Lemon And White Chocolate Cookies | 160g", "price": "$3.50", "unit_price": "$2.19 per 100g"},
{"product_name": "Pascall Pineapple Lumps Lollies | 185g", "price": "$3.50", "unit_price": "$1.89 per 100g"},
{"product_name": "Frank's Original Redhot Sauce | 148mL", "price": "$3.50", "unit_price": "$2.36 per 100mL"},
{"product_name": "Valcom Green Curry Paste | 210g", "price": "$3.40", "unit_price": "$1.62 per 100g"},
{"product_name": "Table Of Plenty Sharepack Mini Rice Cakes White Chocolate Caramel | 60g", "price": "$3.40", "unit_price": "$5.67 per 100g"},
{"product_name": "Mission Yellow Tortilla | 312g", "price": "$3.40", "unit_price": "$1.09 per 100g"},
{"product_name": "Mission Garlic Herb Naan 4 Pack | 280g", "price": "$3.40", "unit_price": "$1.21 per 100g"},
{"product_name": "Coles Asia Teriyaki Sauce | 340mL", "price": "$3.40", "unit_price": "$1.00 per 100mL"},
{"product_name": "Leggo's Pasta Sauce Bolognese With Mushroom | 500g", "price": "$3.40", "unit_price": "$0.68 per 100g"},
{"product_name": "Lindt Excellence Fig Intense Dark Chocolate Block | 100g", "price": "$3.30", "unit_price": "$3.30 per 100g"},
{"product_name": "SPC Tropics Diced & Juicy Mangoes in Juice 120g | 4 pack", "price": "$4.50", "unit_price": "$9.38 per 1kg"},
{"product_name": "Coles 100's & 1000's | 350g", "price": "$4.50", "unit_price": "$1.29 per 100g"},
{"product_name": "Praise Traditional Mayonnaise | 470g", "price": "$4.50", "unit_price": "$0.96 per 100g"},
{"product_name": "Campbell's Spaghetti Sauce With Minced Beef | 665g", "price": "$4.45", "unit_price": "$0.67 per 100g"},
{"product_name": "Heinz Classic Creamy Pumpkin Soup Can | 535g", "price": "$4.40", "unit_price": "$0.82 per 100g"},
{"product_name": "Table Of Plenty Multipack Popped Rice Cakes Salt & Vinegar 6 Pack | 90g", "price": "$4.40", "unit_price": "$4.89 per 100g"},
{"product_name": "Sirena Tuna & Pasta Sicilian Style | 170g", "price": "$4.30", "unit_price": "$25.29 per 1kg"},
{"product_name": "MasterFoods Middle Eastern Harissa Blend | 37g", "price": "$4.30", "unit_price": "$1.16 per 10g"},
{"product_name": "Dorset Granola Berry | 450g", "price": "$4.25", "unit_price": "$0.94 per 100g"},
{"product_name": "MasterFoods Ground Extra Hot Cayenne Pepper | 30g", "price": "$4.20", "unit_price": "$1.40 per 10g"},
{"product_name": "Saxa White Pepper Shaker | 50g", "price": "$4.20", "unit_price": "$0.84 per 10g"},
{"product_name": "Mayver's Smooth Dark Roast Natural Peanut Butter | 375g", "price": "$4.05", "unit_price": "$1.08 per 100g"},
{"product_name": "Coles No Added Sugar Dark Chocolate With Peppermint | 100g", "price": "$4.00", "unit_price": "$4.00 per 100g"},
{"product_name": "Sandhurst Sicilian Green Olives | 280g", "price": "$4.00", "unit_price": "$14.29 per 1kg"},
{"product_name": "MasterFoods Soy Honey & Garlic Marinade | 375g", "price": "$4.00", "unit_price": "$1.07 per 100g"},
{"product_name": "Always Fresh Stuffed Olives Anchovy  | 235g", "price": "$4.00", "unit_price": "$17.02 per 1kg"},
{"product_name": "Carman's Cholesterol Lowering Bar Apple & Bluebery | 225g", "price": "$5.50", "unit_price": "$2.44 per 100g"},
{"product_name": "Carman's Oat Bakes Health Snacks High Fibre Dark Choc & Cherry | 175g", "price": "$5.50", "unit_price": null},
{"product_name": "Coles Mexican Zesty Spice | 140g", "price": "$5.50", "unit_price": "$3.93 per 100g"},
{"product_name": "Coles Mexican Classic Spice | 140g", "price": "$5.50", "unit_price": "$3.93 per 100g"},
{"product_name": "Sunrice Chicken Style Rice Pouch | 450g", "price": "$5.50", "unit_price": "$1.22 per 100g"},
{"product_name": "Taokaenoi Big Roll Spicy 9 Pack | 243g", "price": "$5.50", "unit_price": "$2.26 per 100g"},
{"product_name": "Coles Bake & Create Vanilla Extract | 100mL", "price": "$5.50", "unit_price": "$0.55 per 10mL"},
{"product_name": "Patak's Butter Chicken Simmer Sauce Medium | 450g", "price": "$5.50", "unit_price": "$1.22 per 100g"},
{"product_name": "Keens Curry Powder | 120g", "price": "$5.50", "unit_price": "$0.46 per 10g"},
{"product_name": "CSR Golden Syrup | 850g", "price": "$5.45", "unit_price": "$0.64 per 100g"},
{"product_name": "Sandhurst Roasted Red Pepper Strips | 470g", "price": "$5.40", "unit_price": "$11.49 per 1kg"},
{"product_name": "Nestle Coffee Mate French Vanilla Flavoured Liquid Coffee Whitener | 150mL", "price": "$5.30", "unit_price": "$3.53 per 100mL"},
{"product_name": "Flings Original Flavour | 150g", "price": "$5.25", "unit_price": "$3.50 per 100g"},
{"product_name": "Sanitarium Up&Go Dairy Free Choc 3x250mL | 750mL", "price": "$5.20", "unit_price": "$6.93 per 1L"},
{"product_name": "Nescafe Farmers Origins India Espresso Capsules | 10 pack", "price": "$5.20", "unit_price": "$0.52 per 1ea"},
{"product_name": "Maharajah's Choice Ginger Paste | 1kg", "price": "$5.20", "unit_price": "$0.52 per 100g"},
{"product_name": "Noshu Low Carb Double Choc Brownie Indulgence Bars | 150g", "price": "$8.90", "unit_price": "$5.93 per 100g"},
{"product_name": "Doritos Multipack 10 Pack | 280g", "price": "$8.90", "unit_price": "$3.18 per 100g"},
{"product_name": "Uncle Tobys Plus Immune Support Breakfast Cereal | 565g", "price": "$8.80", "unit_price": "$1.56 per 100g"},
{"product_name": "Fun Mix 18 Pack | 324g", "price": "$8.65", "unit_price": "$2.67 per 100g"},
{"product_name": "Marion's Kitchen Pad Thai Cooking Kit | 358g", "price": "$8.50", "unit_price": "$2.37 per 100g"},
{"product_name": "Bega Simply Nuts Smooth Peanut Butter | 650g", "price": "$8.50", "unit_price": "$1.31 per 100g"},
{"product_name": "McKenzie's Whole Black Pepper Grinders | 200g", "price": "$8.50", "unit_price": "$0.43 per 10g"},
{"product_name": "McKenzie's Pink Rock Salt Grinder | 410g", "price": "$8.50", "unit_price": "$0.21 per 10g"},
{"product_name": "Carman's Deluxe Gluten Free Almond & Maple Muesli | 400g", "price": "$8.00", "unit_price": "$2.00 per 100g"},
{"product_name": "Koala Rice Jasmine Premier | 2kg", "price": "$7.90", "unit_price": "$0.40 per 100g"},
{"product_name": "Starbucks Pike Place Capsules | 10 pack", "price": "$7.90", "unit_price": "$0.79 per 1ea"},
{"product_name": "Maharajah's Choice Gulab Jamun | 1kg", "price": "$7.75", "unit_price": "$0.78 per 100g"},
{"product_name": "Grinders Medium Roasted Crema Ground Coffee | 200g", "price": "$7.70", "unit_price": "$3.85 per 100g"},
{"product_name": "Kez's Kitchen Gluten Free Choc Peanut Florentines | 185g", "price": "$7.70", "unit_price": "$4.16 per 100g"},
{"product_name": "Patak's Tandoori Paste Marinade | 295g", "price": "$7.50", "unit_price": "$2.54 per 100g"},
{"product_name": "Taylors Of Harrogate Yorkshire Tea Proper Strong | 100 pack", "price": "$7.50", "unit_price": "$0.08 per 1ea"},
{"product_name": "Lee Kum Kee Ready Sauce Honey And Soy Chicken | 120g", "price": "$1.90", "unit_price": "$1.58 per 100g"},
{"product_name": "McKenzie's Split Yellow Peas | 500g", "price": "$1.90", "unit_price": "$0.38 per 100g"},
{"product_name": "Chaokoh Coconut Juice With Jelly | 350mL", "price": "$1.85", "unit_price": "$5.29 per 1L"},
{"product_name": "Mae Ploy Thai Style Salad Dressing | 285mL", "price": "$1.85", "unit_price": "$0.65 per 100mL"},
{"product_name": "Coles Sesame Seeds | 150g", "price": "$1.85", "unit_price": "$1.23 per 100g"},
{"product_name": "Cadbury Twirl Chocolate Bar | 58g", "price": "$1.80", "unit_price": "$3.10 per 100g"},
{"product_name": "Go Natural Yoghurt Fruit & Nut Delight Bar | 50g", "price": "$1.80", "unit_price": "$3.60 per 100g"},
{"product_name": "Coles Snack Bites Crackers Chicken | 200g", "price": "$1.80", "unit_price": "$0.90 per 100g"},
{"product_name": "Maggi Gluten Free Your Meal Your Way Chilli Con Carne | 41g", "price": "$1.75", "unit_price": "$4.27 per 100g"},
{"product_name": "Coles Sweet Mustard Pickles | 520g", "price": "$1.70", "unit_price": "$0.33 per 100g"},
{"product_name": "Edgell Snack Time Black Beans Capsicum & Charred Corn With Zesty Salsa | 70g", "price": "$1.60", "unit_price": "$22.86 per 1kg"},
{"product_name": "Coles Satay Marinade | 275g", "price": "$1.60", "unit_price": "$0.58 per 100g"},
{"product_name": "Hoyts Thyme | 15g", "price": "$1.60", "unit_price": "$1.07 per 10g"},
{"product_name": "Coles Diced Dates | 200g", "price": "$3.00", "unit_price": "$1.50 per 100g"},
{"product_name": "Coles Tomato & Cheese Spaghetti | 420g", "price": "$1.50", "unit_price": "$3.57 per 1kg"},
{"product_name": "Aeroplane Ready To Eat Raspberry Jelly | 120g", "price": "$1.50", "unit_price": "$1.25 per 100g"},
{"product_name": "Coles Chargrilled Peppers | 280g", "price": "$3.00", "unit_price": "$10.71 per 1kg"},
{"product_name": "Cadbury Twirl Caramilk Chocolate Bites | 130g", "price": "$3.00", "unit_price": "$2.31 per 100g"},
{"product_name": "San Remo Pasta Cannelloni | 200g", "price": "$3.00", "unit_price": "$1.20 per 100g"},
{"product_name": "Paul Newman's Own Ranch Salad Dressing | 250mL", "price": "$3.00", "unit_price": "$1.20 per 100mL"},
{"product_name": "Coles Tuscan Style 7 Veg Soup & 3 Bean Soup Pouch | 430g", "price": "$3.00", "unit_price": "$0.70 per 100g"},
{"product_name": "Coles Sweetened Condensed Coconut Milk | 320g", "price": "$3.00", "unit_price": "$0.94 per 100g"},
{"product_name": "L&P Soft Drink Can | 440mL", "price": "$3.00", "unit_price": "$6.82 per 1L"},
{"product_name": "MasterFoods All Purpose Seasoning | 65g", "price": "$3.00", "unit_price": "$0.46 per 10g"},
{"product_name": "Coles American Style Barbeque Sauce | 500mL", "price": "$3.00", "unit_price": "$0.60 per 100mL"},
{"product_name": "Coles Pitted Prunes | 200g", "price": "$3.00", "unit_price": "$15.00 per 1kg"},
{"product_name": "Coles Mushrooms SLC Butter SCE | 410g", "price": "$3.00", "unit_price": "$7.32 per 1kg"},
{"product_name": "Edgell Mixed Vegetables  | 420g", "price": "$3.00", "unit_price": "$7.14 per 1kg"},
{"product_name": "Coles Cranberry Sauce | 275g", "price": "$2.90", "unit_price": "$1.05 per 100g"},
{"product_name": "MasterFoods Mixed Herbs | 10g", "price": "$2.90", "unit_price": "$2.90 per 10g"},
{"product_name": "Continental Oriental Fried Rice | 115g", "price": "$2.80", "unit_price": "$2.43 per 100g"},
{"product_name": "Dole Fruit In Juice | 432g", "price": "$2.80", "unit_price": "$6.48 per 1kg"},
{"product_name": "Old El Paso Chunky Salsa Dip Hot | 312g", "price": "$4.00", "unit_price": "$1.28 per 100g"},
{"product_name": "Coles Stevia Tablets | 300 pack", "price": "$4.00", "unit_price": "$1.33 per 100ea"},
{"product_name": "Freshpak Rooibos Tea Bags 40 Pack | 100g", "price": "$4.00", "unit_price": "$4.00 per 100g"},
{"product_name": "Kinder Happy Hippo Hazelnut Biscuit Bar Multipack 5 Pack | 103.5g", "price": "$4.00", "unit_price": "$3.86 per 100g"},
{"product_name": "Maggi 2 Minute Instant Noodles Spicy Chicken Flavour 5 Pack | 380g", "price": "$4.00", "unit_price": "$1.05 per 100g"},
{"product_name": "Coles I'M Free From 97% Sugar Free Chocolate Chip Cookies | 160g", "price": "$4.00", "unit_price": "$2.50 per 100g"},
{"product_name": "Coles Glaze With Balsamic Vinegar Of Modena | 215mL", "price": "$4.00", "unit_price": "$1.86 per 100mL"},
{"product_name": "Leggo's Creamy Sundried Tomato & Garlic Pasta Bake Sauce | 500g", "price": "$4.00", "unit_price": "$0.80 per 100g"},
{"product_name": "Leggo's Tomato Ricotta & Spinach Pasta Bake Sauce | 500g", "price": "$4.00", "unit_price": "$0.80 per 100g"},
{"product_name": "CSR Coconut Sugar | 250g", "price": "$4.00", "unit_price": "$1.60 per 100g"},
{"product_name": "MasterFoods Corn Relish | 250g", "price": "$4.00", "unit_price": "$1.60 per 100g"},
{"product_name": "Lee Kum Kee Weijixian Soy Sauce | 500mL", "price": "$3.95", "unit_price": "$0.79 per 100mL"},
{"product_name": "Heinz Big Red Tomato Soup Can | 820g", "price": "$3.90", "unit_price": "$0.48 per 100g"},
{"product_name": "Griffins Krispie delicious toasted Coconut Biscuit | 250g", "price": "$3.80", "unit_price": "$1.52 per 100g"},
{"product_name": "Passage Foods Passage to Asia Pad Thai Stir Fry Sauce Pouch | 200g", "price": "$3.80", "unit_price": "$1.90 per 100g"},
{"product_name": "Edgell Australian Grown Chickpeas Snack Packs 125g | 500g", "price": "$3.80", "unit_price": "$7.60 per 1kg"},
{"product_name": "Coles I'M Free From Bakes Chocolate Chip 6 Pack | 210g", "price": "$5.00", "unit_price": "$2.38 per 100g"},
{"product_name": "No Nasties Project Multipack Choc Chip Cookies Rainbow Choc 8 Pack | 180g", "price": "$5.00", "unit_price": "$2.78 per 100g"},
{"product_name": "Fibre One Velvet Cake Bar 4 Pack | 100g", "price": "$5.00", "unit_price": "$5.00 per 100g"},
{"product_name": "Sunrice Brown Rice Chips Cheese | 150g", "price": "$5.00", "unit_price": "$3.33 per 100g"},
{"product_name": "Nature Valley Crunchy Canadian Maple Syrup 6 Twin Bars | 252g", "price": "$5.00", "unit_price": "$1.98 per 100g"},
{"product_name": "Cadbury Baking White Chocolate Block | 180g", "price": "$5.00", "unit_price": "$2.78 per 100g"},
{"product_name": "Heinz Spaghetti in Tomato Sauce Pasta 3 pack | 220g", "price": "$4.90", "unit_price": "$22.27 per 1kg"},
{"product_name": "Green's Chunkies Chocolate Chip Cookies Mini Multipack | 200g", "price": "$4.80", "unit_price": "$2.40 per 100g"},
{"product_name": "Pattu Fine Rice Flour | 1kg", "price": "$4.80", "unit_price": "$0.48 per 100g"},
{"product_name": "Bulls-Eye Carolina Reaper With Black Garlic Sauce | 135mL", "price": "$4.75", "unit_price": "$3.52 per 100mL"},
{"product_name": "Arnotts 50% Less Sugar Shortbread Cream Biscuits | 250g", "price": "$4.70", "unit_price": "$1.88 per 100g"},
{"product_name": "Coles Vegan Caesar Dressing | 250mL", "price": "$4.70", "unit_price": "$1.88 per 100mL"},
{"product_name": "Pandaroo Rice Seasoning Bonito | 50g", "price": "$4.65", "unit_price": "$9.30 per 100g"},
{"product_name": "Lee Kum Kee Black Pepper Sauce | 350g", "price": "$4.60", "unit_price": "$1.31 per 100g"},
{"product_name": "Goulburn Valley Fruit Salad In Juice | 700g", "price": "$4.60", "unit_price": "$6.57 per 1kg"},
{"product_name": "Sunrice Mini Bites Rockin Chicken 6 Pack | 120g", "price": "$4.50", "unit_price": "$3.75 per 100g"},
{"product_name": "Tunnock's Caramel Milk Chocolate Wafers Biscuits 8 Pack | 240g", "price": "$6.70", "unit_price": "$2.79 per 100g"},
{"product_name": "Uncle Tobys Nutritious Snacks Protein Bar Lemon Yoghurty Drizzle | 175g", "price": "$6.70", "unit_price": "$3.83 per 100g"},
{"product_name": "Parachute Coconut Oil | 500mL", "price": "$6.70", "unit_price": "$1.34 per 100mL"},
{"product_name": "HP Sauce | 390mL", "price": "$6.60", "unit_price": "$1.69 per 100mL"},
{"product_name": "Uncle Tobys Plus Protein Breakfast Cereal | 410g", "price": "$6.50", "unit_price": "$1.59 per 100g"},
{"product_name": "Coles Asia Soy Sauce | 1.9L", "price": "$6.50", "unit_price": "$0.34 per 100mL"},
{"product_name": "Always Fresh Organic Kalamata Olives | 220g", "price": "$6.50", "unit_price": "$29.55 per 1kg"},
{"product_name": "Uncle Tobys Ancient Grains Oats | 700g", "price": "$6.50", "unit_price": "$0.93 per 100g"},
{"product_name": "The Wholesome Food Company Sea Salt Lentil Chips | 120g", "price": "$6.30", "unit_price": "$5.25 per 100g"},
{"product_name": "Melitta Blue Mountain Style Medium Roast Ground Coffee | 250g", "price": "$6.30", "unit_price": "$2.52 per 100g"},
{"product_name": "Uncle Tobys Breakfast Bakes Berry Harvest Oats 4 pack | 260g", "price": "$6.30", "unit_price": "$2.42 per 100g"},
{"product_name": "Hermesetas Mini Sweetener Tablets | 800 pack", "price": "$6.20", "unit_price": "$0.78 per 100ea"},
{"product_name": "Bonne Maman Cherry Jam | 370g", "price": "$6.00", "unit_price": "$1.62 per 100g"},
{"product_name": "Old El Paso Enchilada Cooking Sauce Mild | 375g", "price": "$6.00", "unit_price": "$1.60 per 100g"},
{"product_name": "Ricci's Bikkies Pita Crisp Olive Oil & Sea Salt | 120g", "price": "$6.00", "unit_price": "$5.00 per 100g"},
{"product_name": "Capilano Clear Honey Twist & Squeeze | 375g", "price": "$6.00", "unit_price": "$1.60 per 100g"},
{"product_name": "Capilano Pure Australian Honey Pail | 1kg", "price": "$15.00", "unit_price": "$1.50 per 100g"},
{"product_name": "Robert Timms Caramel Flavoured Coffee Bags | 24 pack", "price": "$13.50", "unit_price": "$0.56 per 1ea"},
{"product_name": "Moccona Ristretto Freeze Dried Coffee Intensity 12 | 200g", "price": "$13.50", "unit_price": "$6.75 per 100g"},
{"product_name": "Vittoria Freeze Dried Mountain Grown Instant Coffee | 100g", "price": "$12.50", "unit_price": "$12.50 per 100g"},
{"product_name": "Moccona Cafe Classics Strong Cappuccino Sachets | 30 pack", "price": "$12.00", "unit_price": "$0.40 per 1ea"},
{"product_name": "Nescafe Mocha Coffee Sachets | 26 Pack", "price": "$11.00", "unit_price": "$0.42 per 1ea"},
{"product_name": "Coco Earth Premium Liquid Coconut Oil | 500mL", "price": "$11.00", "unit_price": "$2.20 per 100mL"},
{"product_name": "Carman's Nut Dark Choc Cherry & Coconut Value Pack | 10 pack", "price": "$10.80", "unit_price": "$1.08 per 1ea"},
{"product_name": "Coles Wellness Road Organic Cacao Powder | 500g", "price": "$10.20", "unit_price": "$2.04 per 100g"},
{"product_name": "Aussie Bodies Lo Carb Whip'd Chocolate Flavour Protein Bar | 120g", "price": "$10.00", "unit_price": "$8.33 per 100g"},
{"product_name": "Wellness Road Australian Almond Flour | 300g", "price": "$10.00", "unit_price": "$33.33 per 1kg"},
{"product_name": "Red Tractor Organic Cacao Powder | 300g", "price": "$10.00", "unit_price": "$33.33 per 1kg"},
{"product_name": "Suncoast Gold Vitality Macadamia Oil | 500mL", "price": "$9.50", "unit_price": "$1.90 per 100mL"},
{"product_name": "Aloe Vera of Australia Plain Natural Juice | 1L", "price": "$9.30", "unit_price": "$9.30 per 1L"},
{"product_name": "Arnott's Teeny Tiny Teddy Cereal Berry | 580g", "price": "$8.90", "unit_price": "$1.53 per 100g"},
{"product_name": "Equal Sweetener Tablets | 300 pack", "price": "$8.80", "unit_price": "$2.93 per 100ea"},
{"product_name": "Campbell's Chunky Soup Chilli Beef | 505g", "price": "$2.25", "unit_price": "$0.45 per 100g"},
{"product_name": "Campbell's Condensed Soup Can Cream Of Celery | 410g", "price": "$2.20", "unit_price": "$0.54 per 100g"},
{"product_name": "Mentos Pure Fresh Bottle Grape | 30g", "price": "$2.20", "unit_price": "$7.33 per 100g"},
{"product_name": "Cornwell's Brown Malt Vinegar | 375mL", "price": "$2.15", "unit_price": "$0.57 per 100mL"},
{"product_name": "Hoyts Basil | 15g", "price": "$2.15", "unit_price": "$1.43 per 10g"},
{"product_name": "Hoyts Imitation Yellow Saffron | 15g", "price": "$2.10", "unit_price": "$1.40 per 10g"},
{"product_name": "Queen Victoria Green Tea Bags | 10 pack", "price": "$2.00", "unit_price": "$0.20 per 1ea"},
{"product_name": "Honest Sea Seaweed Teriyaki | 5g", "price": "$2.00", "unit_price": "$40.00 per 100g"},
{"product_name": "The Kind Harvest Self Raising Flour | 1kg", "price": "$2.00", "unit_price": "$2.00 per 1kg"},
{"product_name": "Coles Beef Style Stock Cubes 21 pack | 105g", "price": "$2.00", "unit_price": "$0.19 per 10g"},
{"product_name": "Hoyts Dried Onion Flakes | 40g", "price": "$2.00", "unit_price": "$0.50 per 10g"},
{"product_name": "Coles Sweet Spiced Gherkins | 540g", "price": "$2.00", "unit_price": "$3.70 per 1kg"},
{"product_name": "McCormick Grill Mates Slow & Low Smokin Texas BBQ Rub | 40g", "price": "$2.00", "unit_price": "$0.50 per 10g"},
{"product_name": "Coles Rainbow Mallows | 100g", "price": "$2.00", "unit_price": "$2.00 per 100g"},
{"product_name": "Coles Simmer Sauce Honey Mustard | 485g", "price": "$2.00", "unit_price": "$0.41 per 100g"},
{"product_name": "Coles Chillies Ground Hot | 43g", "price": "$1.90", "unit_price": "$0.44 per 10g"},
{"product_name": "Olinas Seeded Snackers Crackers Caramelised Onion | 140g", "price": "$3.00", "unit_price": "$2.14 per 100g"},
{"product_name": "In A Biskit Chicken and Drumstick Flavoured Crackers | 160g", "price": "$3.00", "unit_price": "$1.88 per 100g"},
{"product_name": "Coles Diced Apricots | 200g", "price": "$3.00", "unit_price": "$15.00 per 1kg"},
{"product_name": "Massel Beef Stock Powder | 168g", "price": "$3.00", "unit_price": "$0.18 per 10g"},
{"product_name": "Coles Perform Chocolate Whey Protein Powder | 35g", "price": "$3.00", "unit_price": "$8.57 per 100g"},
{"product_name": "Continental Snack Pots Cheesy Tomato Pasta | 70g", "price": "$3.00", "unit_price": "$4.29 per 100g"},
{"product_name": "Red Seal Raspberry & Strawberry Hot Or Cold Brew Tea Bags | 20 pack", "price": "$3.00", "unit_price": "$0.15 per 1ea"},
{"product_name": "Coles Minestrone Soup with Quinoa | 430g", "price": "$3.00", "unit_price": "$0.70 per 100g"},
{"product_name": "MasterFoods Carbonara Recipe Base | 170g", "price": "$3.00", "unit_price": "$1.76 per 100g"},
{"product_name": "Dole Pineapple Chunks In Syrup | 439g", "price": "$3.00", "unit_price": "$6.83 per 1kg"},
{"product_name": "MasterFoods Butter Chicken Recipe Base | 175g", "price": "$3.00", "unit_price": "$1.71 per 100g"},
{"product_name": "Quick Eze Chewy Forest Berry Stick | 40g", "price": "$2.95", "unit_price": "$7.38 per 100g"},
{"product_name": "Obento Sushi & Sashimi Soy Sauce | 250mL", "price": "$2.85", "unit_price": "$1.14 per 100mL"},
{"product_name": "Nongshim Shrimp Meat Chips | 75g", "price": "$2.80", "unit_price": "$3.73 per 100g"},
{"product_name": "Continental Cup A Soup Creamy Potato & Bacon With Croutons Serves 2 | 50g", "price": "$2.80", "unit_price": "$5.60 per 100g"},
{"product_name": "Trident Dried Pitted Dates | 250g", "price": "$2.80", "unit_price": "$11.20 per 1kg"},
{"product_name": "Lighthouse Cake, Sponge & Steamed Bun Self Raising Flour | 1kg", "price": "$3.85", "unit_price": "$3.85 per 1kg"},
{"product_name": "Sakata Multipack Stars Crackers Cheese 7 Pack | 91g", "price": "$3.80", "unit_price": "$4.18 per 100g"},
{"product_name": "Coles Blueberries In Syrup | 415g", "price": "$3.80", "unit_price": "$9.16 per 1kg"},
{"product_name": "Edgell Seed Beans Black 4 Pack | 500g", "price": "$3.80", "unit_price": "$7.60 per 1kg"},
{"product_name": "Praise Dressing Roasted Garlic | 250mL", "price": "$3.80", "unit_price": "$1.52 per 100mL"},
{"product_name": "Monika Philippine Style Chinese Noodles | 225g", "price": "$3.75", "unit_price": "$1.67 per 100g"},
{"product_name": "Coles Morello Cherries | 680g", "price": "$3.70", "unit_price": "$5.44 per 1kg"},
{"product_name": "Hoyts Smoked Paprika | 50g", "price": "$3.60", "unit_price": "$0.72 per 10g"},
{"product_name": "John West Smoked Kippers Fillets In Brine | 200g", "price": "$3.60", "unit_price": "$18.00 per 1kg"},
{"product_name": "Heinz Big Eat Big N Beefy Casserole | 410g", "price": "$3.50", "unit_price": "$8.54 per 1kg"},
{"product_name": "Keep It Cleaner Bliss Bar Choc Honeycomb | 40g", "price": "$3.50", "unit_price": "$8.75 per 100g"},
{"product_name": "BC Snacks White Chocolate Cookies & Cream Energy Bar | 40g", "price": "$3.50", "unit_price": "$8.75 per 100g"},
{"product_name": "Clif Peanut Butter Banana Energy Bar | 68g", "price": "$3.50", "unit_price": "$5.15 per 100g"},
{"product_name": "Continental Rice Oriental Fried | 180g", "price": "$3.50", "unit_price": "$1.94 per 100g"},
{"product_name": "Arnott's Flatbread Dippers Olive & Fetta | 130g", "price": "$3.50", "unit_price": "$2.69 per 100g"},
{"product_name": "Nestle Plaistowe Baking Chocolate 70% Cocoa Block | 180g", "price": "$3.50", "unit_price": "$1.94 per 100g"},
{"product_name": "BSc Bodyscience High Protein Low Carb Bar Dark Choc Berry | 60g", "price": "$4.50", "unit_price": "$7.50 per 100g"},
{"product_name": "St Dalfour Thick Apricot Spread | 284g", "price": "$4.50", "unit_price": "$1.58 per 100g"},
{"product_name": "Malteser Biscuits Mint | 110g", "price": "$4.50", "unit_price": "$4.09 per 100g"},
{"product_name": "Coles Asia Oyster Sauce | 440mL", "price": "$4.50", "unit_price": "$1.02 per 100mL"},
{"product_name": "Kialla Organic Waffle Pancake Mix Classic | 325g", "price": "$4.50", "unit_price": "$1.38 per 100g"},
{"product_name": "Arnott's Sourdough Crackers Cheddar & Roast Garlic | 150g", "price": "$4.50", "unit_price": "$3.00 per 100g"},
{"product_name": "Kraft Mac & Cheese Pasta Meals Vegan | 150g", "price": "$4.50", "unit_price": "$3.00 per 100g"},
{"product_name": "Sabrini Hot Chilli Garlic Chutney | 340g", "price": "$4.50", "unit_price": "$1.32 per 100g"},
{"product_name": "Daley Street Dark Roast Coffee Beans | 200g", "price": "$4.50", "unit_price": "$2.25 per 100g"},
{"product_name": "Coles Urban Coffee Culture Medium Roast Ground | 250g", "price": "$4.50", "unit_price": "$1.80 per 100g"},
{"product_name": "Atkins Low Carb Chocolate Flavour Protein Shake | 330mL", "price": "$4.50", "unit_price": "$13.64 per 1L"},
{"product_name": "BSc Bodyscience High Protein Low Carb Bar Choc Mint | 60g", "price": "$4.50", "unit_price": "$7.50 per 100g"},
{"product_name": "Heinz Classic Chicken & Sweet Corn Soup Can | 535g", "price": "$4.40", "unit_price": "$0.82 per 100g"},
{"product_name": "Heinz Classic Pea & Ham Soup Can | 535g", "price": "$4.40", "unit_price": "$0.82 per 100g"},
{"product_name": "Leggos Pasta Sauce Tomato Pepperjack Shiraz | 390g", "price": "$4.40", "unit_price": "$1.13 per 100g"},
{"product_name": "Coles Baked Beans In Tomato Sauce 4x220g | 880g", "price": "$4.40", "unit_price": "$0.50 per 100g"},
{"product_name": "Coles Overnight Chia Pudding Chai Latte | 210g", "price": "$5.50", "unit_price": "$2.62 per 100g"},
{"product_name": "Sunbeam Natural Sliced Almonds | 120g", "price": "$5.50", "unit_price": "$45.83 per 1kg"},
{"product_name": "Coles Joyful Crunchy Nut Bar Peanut & Scorched Almond 170g | 1 each", "price": "$5.50", "unit_price": "$3.24 per 100g"},
{"product_name": "Kan Yen Jan Pork Sausage | 127g", "price": "$5.50", "unit_price": "$4.33 per 100g"},
{"product_name": "Hart & Soul Supergrain Ready Meal Satay | 250g", "price": "$5.50", "unit_price": "$2.20 per 100g"},
{"product_name": "Vegemite Gluten Free Spread | 235g", "price": "$5.50", "unit_price": "$2.34 per 100g"},
{"product_name": "Peck's Devilled Ham Spread | 125g", "price": "$5.50", "unit_price": "$4.40 per 100g"},
{"product_name": "La Zuppa Pouch Tuscan Chicken & Vegetable Soup | 540g", "price": "$5.50", "unit_price": "$1.02 per 100g"},
{"product_name": "Crankt Premium Protein Shake Banana | 400mL", "price": "$5.40", "unit_price": "$1.35 per 100mL"},
{"product_name": "Munchme Nutritious Snack Roasted Almond | 120g", "price": "$5.40", "unit_price": "$4.50 per 100g"},
{"product_name": "Heinz Ravioli Ricotta Pasta Meal With Rich Bolognese & Garlic | 350g", "price": "$5.30", "unit_price": null},
{"product_name": "Hoyts Sesame Seeds | 230g", "price": "$5.20", "unit_price": "$0.23 per 10g"},
{"product_name": "Nescafe Farmers Origins Colombia Ristretto Decaf | 10 pack", "price": "$5.20", "unit_price": "$0.52 per 1ea"},
{"product_name": "Whittaker's Chocolate Wellington Roasted Coffee | 100g", "price": "$5.00", "unit_price": "$5.00 per 100g"},
{"product_name": "Nice & Natural Thickshake Bars Strawberry 6 Pack | 120g", "price": "$5.00", "unit_price": "$4.17 per 100g"},
{"product_name": "Carman's Fruit Straps Apple | 70g", "price": "$5.00", "unit_price": "$7.14 per 100g"},
{"product_name": "MasterFoods Family Hot Cajun Seasoning | 115g", "price": "$7.50", "unit_price": "$0.65 per 10g"},
{"product_name": "Patak's Korma Curry Paste Mild | 290g", "price": "$7.50", "unit_price": "$2.59 per 100g"},
{"product_name": "Red Tractor Organic Steel Cut Oats | 1 kg", "price": "$7.50", "unit_price": "$0.75 per 100g"},
{"product_name": "L'OR Espresso Ultimo Capsules | 10 pack", "price": "$7.50", "unit_price": "$0.75 per 1ea"},
{"product_name": "Noshu 98% Sugar Free Choc Chip Cookies Mix | 300g", "price": "$7.50", "unit_price": "$2.50 per 100g"},
{"product_name": "Red Tractor Paleo Protein Mix | 300g", "price": "$7.40", "unit_price": "$2.47 per 100g"},
{"product_name": "Lee Kum Kee Chu Hou Paste | 368g", "price": "$7.10", "unit_price": "$1.93 per 100g"},
{"product_name": "Betty Crocker Chocolate Cupcake Mix | 450g", "price": "$7.00", "unit_price": "$1.56 per 100g"},
{"product_name": "Kellogg's Special K High Fibre | 385g", "price": "$7.00", "unit_price": "$1.82 per 100g"},
{"product_name": "Coles Classic Olive Oil | 500mL", "price": "$7.00", "unit_price": "$1.40 per 100mL"},
{"product_name": "Grain Free Granola | 300g", "price": "$7.00", "unit_price": "$2.33 per 100g"},
{"product_name": "Raw C Liquid Coconut Oil Spray | 230mL", "price": "$7.00", "unit_price": "$3.04 per 100mL"},
{"product_name": "Lindt Lindor Milk Salted Caramel Chocolate Bag | 123g", "price": "$7.00", "unit_price": "$5.69 per 100g"},
{"product_name": "Saxa Black Whole Peppercorns | 190g", "price": "$7.00", "unit_price": "$0.37 per 10g"},
{"product_name": "MasterFoods Taco Seasoning | 143g", "price": "$7.00", "unit_price": "$0.49 per 10g"},
{"product_name": "Whittaker's Block Chocolate Oat Milk | 250g", "price": "$6.90", "unit_price": "$2.76 per 100g"},
{"product_name": "Coles Vanilla Custard Pouch | 90g", "price": "$0.95", "unit_price": "$1.06 per 100g"},
{"product_name": "Lavazza Espresso Barista Perfetto Beans | 1kg", "price": "$40.00", "unit_price": "$4.00 per 100g"},
{"product_name": "Muscletech Nitrotech Protein Powder Chocolate | 680g", "price": "$36.80", "unit_price": "$5.41 per 100g"},
{"product_name": "October 5th 2 Yolk Lotus Paste Mooncakes | 750g", "price": "$35.00", "unit_price": "$4.67 per 100g"},
{"product_name": "Coles Perform Elite Unflavoured Creatine Powder | 250g", "price": "$22.00", "unit_price": "$8.80 per 100g"},
{"product_name": "Vittoria Mountain Grown Ground Coffee | 1kg", "price": "$20.00", "unit_price": "$2.00 per 100g"},
{"product_name": "Cobram Estate Extra Virgin Olive Oil Robust | 750mL", "price": "$18.00", "unit_price": "$2.40 per 100mL"},
{"product_name": "Ferrero Rocher Chocolate Gift Box 16 Pack | 200g", "price": "$16.00", "unit_price": "$8.00 per 100g"},
{"product_name": "Byron Beef Jerky Flame Grilled | 120g", "price": "$15.95", "unit_price": "$13.29 per 100g"},
{"product_name": "Ito En Matcha Green Tea Organic Matcha Powder | 12 pack", "price": "$15.00", "unit_price": "$1.25 per 1ea"},
{"product_name": "Cobram Garlic Oil | 500mL", "price": "$14.00", "unit_price": "$2.80 per 100mL"},
{"product_name": "Coles Urban Coffee Culture Medium Roast Beans | 1kg", "price": "$13.00", "unit_price": "$1.30 per 100g"},
{"product_name": "Moccona French Style Smooth & Rounded Instant Coffee | 200g", "price": "$12.50", "unit_price": "$6.25 per 100g"},
{"product_name": "Vittoria Freeze Dried Italian Instant Coffee | 100g", "price": "$12.50", "unit_price": "$12.50 per 100g"},
{"product_name": "Crisco Canola Oil | 2L", "price": "$12.00", "unit_price": "$0.60 per 100mL"},
{"product_name": "Republica Organic Melbourne Capsules | 20 pack", "price": "$11.50", "unit_price": "$0.58 per 1ea"},
{"product_name": "Coles Ground Cardamon | 32g", "price": "$2.65", "unit_price": "$0.83 per 10g"},
{"product_name": "Podravka Chicken Spread | 100g", "price": "$2.60", "unit_price": "$2.60 per 100g"},
{"product_name": "Ainsley Harriott Moroccan Medley Cous Cous | 100g", "price": "$2.60", "unit_price": "$2.60 per 100g"},
{"product_name": "ITO En Lychee Ice Tea | 535mL", "price": "$2.60", "unit_price": "$0.49 per 100mL"},
{"product_name": "Obento Tonkatsu Sauce | 250mL", "price": "$2.60", "unit_price": "$1.04 per 100mL"},
{"product_name": "Fantastic  Rice Squares Black Pepper | 100g", "price": "$2.60", "unit_price": "$2.60 per 100g"},
{"product_name": "Siena Gnocchi | 500g", "price": "$2.60", "unit_price": "$0.52 per 100g"},
{"product_name": "McKenzie's Dried Black Beans | 375g", "price": "$2.60", "unit_price": "$0.69 per 100g"},
{"product_name": "McKenzie's Yellow Lentils | 375g", "price": "$2.60", "unit_price": "$0.69 per 100g"},
{"product_name": "Foster Clarks Quick Custard Powder Mix | 80g", "price": "$2.60", "unit_price": "$3.25 per 100g"},
{"product_name": "Tandaco Stuffing Mix Seasoned | 200g", "price": "$2.50", "unit_price": "$0.13 per 10g"},
{"product_name": "Don Donskis Pork Crackle Sea Salt | 50g", "price": "$2.50", "unit_price": "$5.00 per 100g"},
{"product_name": "Coles Bake & Create Milk Chocolate Block | 200g", "price": "$2.50", "unit_price": "$1.25 per 100g"},
{"product_name": "Coles Bake & Create Mini Polka Dot Patty Pans | 100 pack", "price": "$2.50", "unit_price": "$2.50 per 100ea"},
{"product_name": "ETA Original Barbecue Sauce | 375mL", "price": "$2.50", "unit_price": "$0.67 per 100mL"},
{"product_name": "Smith's Baked Sweet Chilli And Sour Cream | 130g", "price": "$2.40", "unit_price": "$1.85 per 100g"},
{"product_name": "Coles Wellness Road Australian Linseeds | 500g", "price": "$3.30", "unit_price": "$0.66 per 100g"},
{"product_name": "Valcom Kaffir Lime Leaves  | 100g", "price": "$3.20", "unit_price": "$32.00 per 1kg"},
{"product_name": "John West Anchovies Fillets in Olive Oil | 45g", "price": "$3.20", "unit_price": "$71.13 per 1kg"},
{"product_name": "John West Lunch Kit With Crackers Tuna With Thousand Island Dressing | 108g", "price": "$3.20", "unit_price": "$29.63 per 1kg"},
{"product_name": "Gaganis Lentils Red Whole Kye | 1kg", "price": "$3.20", "unit_price": "$3.20 per 1kg"},
{"product_name": "Maharajah's Choice Garlic Pappadams | 200g", "price": "$3.20", "unit_price": "$1.60 per 100g"},
{"product_name": "Dragon & Phoenix Deep Fried Noodles | 360g", "price": "$3.20", "unit_price": "$0.89 per 100g"},
{"product_name": "Coles Coffee Whitener Regular | 500g", "price": "$3.20", "unit_price": "$0.64 per 100g"},
{"product_name": "Ajishima Freeze Dried Miso Soup With Fungi | 12g", "price": "$3.10", "unit_price": "$2.58 per 10g"},
{"product_name": "Green's Traditional Date Loaf Baking Mix | 415g", "price": "$3.00", "unit_price": "$0.72 per 100g"},
{"product_name": "MasterFoods Slow Cooker Mild Chicken Curry Recipe Base | 175g", "price": "$3.00", "unit_price": "$1.71 per 100g"},
{"product_name": "Spliits Squares Crackers Sweet Potato | 70g", "price": "$3.00", "unit_price": "$4.29 per 100g"},
{"product_name": "Cobs Drizzld Popcorn Dark Salt | 70g", "price": "$3.00", "unit_price": null},
{"product_name": "Dolmio Pasta Sauce 7 Veg Bolognese | 500g", "price": "$3.00", "unit_price": "$0.60 per 100g"},
{"product_name": "Coles Asparagus Spears | 425g", "price": "$3.00", "unit_price": "$7.06 per 1kg"},
{"product_name": "SPC Peaches 25% Less Sugar | 400g", "price": "$3.00", "unit_price": "$7.50 per 1kg"},
{"product_name": "Coles Urban Coffee Culture Capsules Medium Intensity Aluminium | 10 pack", "price": "$4.00", "unit_price": "$0.40 per 1ea"},
{"product_name": "John West Protein+ Bowl Caps Three Bean | 170g", "price": "$4.00", "unit_price": "$23.53 per 1kg"},
{"product_name": "Sun Harvest Lime Juice | 200mL", "price": "$4.00", "unit_price": "$0.20 per 10mL"},
{"product_name": "Coles Mocha Protein Bars 5 Pack | 190g", "price": "$4.00", "unit_price": "$2.11 per 100g"},
{"product_name": "MasterFoods Steak Seasoning | 45g", "price": "$4.00", "unit_price": "$0.89 per 10g"},
{"product_name": "Coles Bake & Create Patterned Party Pans | 150 Piece", "price": "$4.00", "unit_price": "$2.67 per 100ea"},
{"product_name": "Coles Hazelnuts | 150g", "price": "$4.00", "unit_price": "$26.67 per 1kg"},
{"product_name": "Sunbeam Sultana And Cranberry | 6 pack", "price": "$4.00", "unit_price": "$0.67 per 1ea"},
{"product_name": "Ayam Plum Sauce | 210mL", "price": "$4.00", "unit_price": "$1.90 per 100mL"},
{"product_name": "Mingle Spicy Mexican Seasoning | 50g", "price": "$3.95", "unit_price": "$0.79 per 10g"},
{"product_name": "Higher Living Organic Licorice Tea Bags | 15 pack", "price": "$3.95", "unit_price": "$0.26 per 1ea"},
{"product_name": "Sirena Oil Italian Style iN Tuna Slices | 125g", "price": "$3.90", "unit_price": "$31.20 per 1kg"},
{"product_name": "Coles Vegan Aioli | 240mL", "price": "$3.90", "unit_price": "$1.63 per 100mL"},
{"product_name": "Coles Cloves Ground | 48g", "price": "$3.80", "unit_price": "$0.79 per 10g"},
{"product_name": "Lion Classics Scone Mix | 535g", "price": "$3.80", "unit_price": "$7.10 per 1kg"},
{"product_name": "Sirena Original Tuna & Beans | 185g", "price": "$3.70", "unit_price": "$20.00 per 1kg"},
{"product_name": "The Spice Tailor Classic Lentil Tarka Daal | 500g", "price": "$4.75", "unit_price": "$0.95 per 100g"},
{"product_name": "Tetley Decaffeinated Green Tea Bags 50 pack | 87.5g", "price": "$4.70", "unit_price": "$0.09 per 1ea"},
{"product_name": "Pantai Tamarind Paste | 454g", "price": "$4.70", "unit_price": "$1.04 per 100g"},
{"product_name": "Ibumie Instant Noodle | 650g", "price": "$4.60", "unit_price": "$0.71 per 100g"},
{"product_name": "Noshu 95% Sugar Free White Choc Baking Chips | 150g", "price": "$4.60", "unit_price": "$3.07 per 100g"},
{"product_name": "Coles Soft Taco Kit 10 Pack | 440g", "price": "$4.60", "unit_price": "$1.05 per 100g"},
{"product_name": "Coles Organic Plain Flour | 1kg", "price": "$4.50", "unit_price": "$4.50 per 1kg"},
{"product_name": "Olinas Lemon Thym & Cracked Pepper Pita Crackers | 100g", "price": "$4.50", "unit_price": "$4.50 per 100g"},
{"product_name": "Byron Beef Jerky Teriyaki | 40g", "price": "$4.50", "unit_price": "$11.25 per 100g"},
{"product_name": "Arnott's Gluten Free Mint Slice Biscuits | 141g", "price": "$4.50", "unit_price": "$3.19 per 100g"},
{"product_name": "Crankt Protein + Energy Bar Salted Caramel | 60g", "price": "$4.50", "unit_price": "$7.50 per 100g"},
{"product_name": "Muscle Nation CustardPlant Protein  Bar Banana Toffee | 50g", "price": "$4.50", "unit_price": "$9.00 per 100g"},
{"product_name": "Fat Blaster Snack Bar Choc Caramel 5 Pack | 150g", "price": "$4.50", "unit_price": "$3.00 per 100g"},
{"product_name": "Hart & Soul Pouch Soup Curried Sweet Potato | 400g", "price": "$4.50", "unit_price": "$1.13 per 100g"},
{"product_name": "The Kind Harvest Self Raising Flour | 2kg", "price": "$4.50", "unit_price": "$2.25 per 1kg"},
{"product_name": "The Kind Harvest Plain Flour | 2kg", "price": "$4.50", "unit_price": "$2.25 per 1kg"},
{"product_name": "Equal Spoonful Sweetener Jar | 113g", "price": "$6.00", "unit_price": "$5.31 per 100g"},
{"product_name": "Nerada Organic Lemon & Ginger Tea Bags 40 pack | 60g", "price": "$6.00", "unit_price": "$0.15 per 1ea"},
{"product_name": "Bushells Coffee & Chicory Essence | 250mL", "price": "$6.00", "unit_price": "$2.40 per 100mL"},
{"product_name": "Sacla Free From Tomato Pesto | 190g", "price": "$5.90", "unit_price": "$3.11 per 100g"},
{"product_name": "Capriccio Anchovy Fillets In Olive Oil | 90g", "price": "$5.75", "unit_price": "$6.39 per 100g"},
{"product_name": "Wallaby Bites Gluten Free Dark Chocolate Fruit & Nut | 150g", "price": "$5.70", "unit_price": "$3.80 per 100g"},
{"product_name": "Sandhurst Fat Free Artichokes Hearts | 280g", "price": "$5.50", "unit_price": "$19.64 per 1kg"},
{"product_name": "Noshu 75% Less Sugar Fruity Fix | 150g", "price": "$5.50", "unit_price": "$3.67 per 100g"},
{"product_name": "Sunbeam Australian Nuts Flaked Almonds | 100g", "price": "$5.50", "unit_price": "$55.00 per 1kg"},
{"product_name": "La Zuppa Pouch Chicken & Sweetcorn Soup | 500g", "price": "$5.50", "unit_price": "$1.10 per 100g"},
{"product_name": "Jack Links Gluten Free Beef Biltong | 45g", "price": "$5.50", "unit_price": "$122.25 per 1kg"},
{"product_name": "Cucina Matese Conchiglioni Italian Pasta | 500g", "price": "$5.50", "unit_price": "$1.10 per 100g"},
{"product_name": "OB Finest Quince Fruit Paste | 100g", "price": "$5.50", "unit_price": "$5.50 per 100g"},
{"product_name": "Wellness Road Australian White Quinoa  | 300g", "price": "$5.50", "unit_price": "$1.83 per 100g"},
{"product_name": "MasterFoods Oregano Leaves | 18g", "price": "$5.50", "unit_price": "$3.06 per 10g"},
{"product_name": "Peck's Chicken & Ham Spread | 125g", "price": "$5.50", "unit_price": "$4.40 per 100g"},
{"product_name": "Dr Schar Crackers | 210g", "price": "$7.60", "unit_price": "$3.62 per 100g"},
{"product_name": "Nestle Plaistowe Premium Baking Cocoa | 180g", "price": "$7.50", "unit_price": "$4.17 per 100g"},
{"product_name": "Patak's Tikka Masala Curry Paste Medium | 283g", "price": "$7.50", "unit_price": "$2.65 per 100g"},
{"product_name": "Carmans Granola Espresso & Roasted Nut | 450g", "price": "$7.50", "unit_price": "$1.67 per 100g"},
{"product_name": "St Remio Premium Instant Decaf Cappuccino Sachets | 8 pack", "price": "$7.50", "unit_price": "$0.94 per 1ea"},
{"product_name": "Mc Ilhenney Co. Tabasco Pepper Sauce | 150mL", "price": "$7.50", "unit_price": "$5.00 per 100mL"},
{"product_name": "Coles Bake And Create Vanilla Paste | 100g", "price": "$7.50", "unit_price": "$7.50 per 100g"},
{"product_name": "Vittoria Italian Blend Coffee Bags | 20 pack", "price": "$7.50", "unit_price": "$0.38 per 1ea"},
{"product_name": "MasterFoods Moroccan Seasoning | 160g", "price": "$7.30", "unit_price": "$0.46 per 10g"},
{"product_name": "Bel The Laughing Cow Cheese Portions Original | 240g", "price": "$7.00", "unit_price": "$29.17 per 1kg"},
{"product_name": "Pureharvest Organic Natural Muesli | 750g", "price": "$7.00", "unit_price": "$0.93 per 100g"},
{"product_name": "Maltesers Gold Choc Party Gift Box | 360g", "price": "$7.00", "unit_price": "$1.94 per 100g"},
{"product_name": "Cadbury Chocolate Coated Deluxe Hazelnut | 190g", "price": "$7.00", "unit_price": "$3.68 per 100g"},
{"product_name": "Lindt No Sugar Added Dark Chocolate Block | 100g", "price": "$7.00", "unit_price": "$7.00 per 100g"},
{"product_name": "Donna Hay Wholesome Banana Bread Wholemeal | 540g", "price": "$7.00", "unit_price": "$1.30 per 100g"},
{"product_name": "Heilala Baking Vanilla Extract With Natural Flavour | 125mL", "price": "$7.00", "unit_price": "$0.56 per 10mL"},
{"product_name": "Sungrow Medium Grain White Rice | 5 kg", "price": "$15.00", "unit_price": "$0.30 per 100g"},
{"product_name": "Health Lab Variety Pack Diamond | 150g", "price": "$14.00", "unit_price": "$9.33 per 100g"},
{"product_name": "Twining's Vanilla Chai Tea Bags | 80 pack", "price": "$13.50", "unit_price": "$0.17 per 1ea"},
{"product_name": "Loumidis Papagalos Greek Coffee | 490g", "price": "$12.40", "unit_price": "$2.53 per 100g"},
{"product_name": "Coles Olive Oil Extra Mild | 1L", "price": "$12.00", "unit_price": "$1.20 per 100mL"},
{"product_name": "Republica Organic Capsules Sydney | 20 pack", "price": "$11.50", "unit_price": "$0.58 per 1ea"},
{"product_name": "OB Finest Parmesan Crisps With Black Sesame | 85g", "price": "$11.50", "unit_price": "$13.53 per 100g"},
{"product_name": "Queen Victoria English Breakfast Extra Strong Tea Bags | 100 pack", "price": "$11.00", "unit_price": "$0.11 per 1ea"},
{"product_name": "Vittoria Italian Blend Ground Coffee | 500g", "price": "$11.00", "unit_price": "$2.20 per 100g"},
{"product_name": "Naturopathica Fat Blaster Less Sugar Chocolate Shake | 430g", "price": "$11.00", "unit_price": "$2.56 per 100g"},
{"product_name": "Bean Ground & Drunk Organic Classic Medium Roast Fairtrade Coffee | 250g", "price": "$10.50", "unit_price": "$4.20 per 100g"},
{"product_name": "Bc Chocolate Brownie Crunch High Protein Bar 4 Pack | 160g", "price": "$10.00", "unit_price": "$6.25 per 100g"},
{"product_name": "Nature Valley Crunchy Oats & Honey Family Pack 12X42G | 504g", "price": "$10.00", "unit_price": "$1.98 per 100g"},
{"product_name": "Coco Earth Almond Flour | 300g", "price": "$10.00", "unit_price": "$33.33 per 1kg"},
{"product_name": "Wellness Road Organic Flaxseed Oil | 200mL", "price": "$10.00", "unit_price": "$5.00 per 100mL"},
{"product_name": "Maggi 2 Minute Instant Noodle Wholegrain Chicken 12 pack | 828g", "price": "$10.00", "unit_price": "$1.21 per 100g"},
{"product_name": "Rowntrees  Fruit Pastilles | 50g", "price": "$2.30", "unit_price": "$4.60 per 100g"},
{"product_name": "Continental Vegetable Stock Pot | 112g", "price": "$2.25", "unit_price": "$2.01 per 100g"},
{"product_name": "Campbell's Chunky Soup Can Ravioli Beef Tomato | 505g", "price": "$2.25", "unit_price": "$0.45 per 100g"},
{"product_name": "Nerada Tea Bags 50 pack | 100g", "price": "$2.25", "unit_price": "$0.05 per 1ea"},
{"product_name": "Hoyts Poppy Seeds | 100g", "price": "$2.25", "unit_price": "$0.23 per 10g"},
{"product_name": "Curry & Co Red Curry Paste | 240g", "price": "$2.20", "unit_price": "$0.92 per 100g"},
{"product_name": "Campbell's Condensed Soup Can Vegetable Beef | 420g", "price": "$2.20", "unit_price": "$0.52 per 100g"},
{"product_name": "Coles Chicken Gravy Mix | 120g", "price": "$2.10", "unit_price": "$0.18 per 10g"},
{"product_name": "Coles Orange Jelly Cups 4 Pack | 500g", "price": "$2.10", "unit_price": "$0.42 per 100g"},
{"product_name": "Nomo Caramel Bar | 38g", "price": "$2.00", "unit_price": "$5.26 per 100g"},
{"product_name": "Maharajah's Choice Jeera Masala Soda | 300mL", "price": "$2.00", "unit_price": "$0.67 per 100mL"},
{"product_name": "Coles All Purpose Seasoning | 54g", "price": "$2.00", "unit_price": "$0.37 per 10g"},
{"product_name": "Coles Vegetable Stock Cubes 21 pack | 105g", "price": "$2.00", "unit_price": "$0.19 per 10g"},
{"product_name": "Hoyts Whole Cloves | 15g", "price": "$2.00", "unit_price": "$1.33 per 10g"},
{"product_name": "Coles Garlic Salt | 89g", "price": "$1.95", "unit_price": "$0.22 per 10g"},
{"product_name": "Fantastic Chicken Chow Mein Noodle Cup | 70g", "price": "$1.95", "unit_price": "$2.79 per 100g"},
{"product_name": "F. Whitlock & Sons Texas BBQ Style Marinade Sauce | 400mL", "price": "$5.50", "unit_price": "$1.38 per 100mL"},
{"product_name": "Diet Rite Lite Salt  | 170g", "price": "$3.00", "unit_price": "$0.18 per 10g"},
{"product_name": "Wild Tides Fried Rice With Tuna | 190g", "price": "$3.00", "unit_price": "$15.79 per 1kg"},
{"product_name": "Red Seal Variety Pack Hot Or Cold Brew Tea | 20 pack", "price": "$3.00", "unit_price": "$0.15 per 1ea"},
{"product_name": "Coles Potato Spinach & Leek Soup Pouch | 430g", "price": "$3.00", "unit_price": "$0.70 per 100g"},
{"product_name": "Coles Bake & Create Colourful Birthday Candle | 3 piece", "price": "$3.00", "unit_price": "$1.00 per 1ea"},
{"product_name": "Coles Pouch Soup Coconut Lentil | 430g", "price": "$3.00", "unit_price": "$0.70 per 100g"},
{"product_name": "Infuzions Veggie Straws Salt & Vinegar | 90g", "price": "$2.95", "unit_price": "$3.28 per 100g"},
{"product_name": "Coles Whole Fennel Seeds | 36g", "price": "$2.90", "unit_price": "$0.81 per 10g"},
{"product_name": "Coles Butter Chicken Simmer Sauce | 485g", "price": "$2.90", "unit_price": "$0.60 per 100g"},
{"product_name": "Hoyts Italian Herb Mix  | 35g", "price": "$2.85", "unit_price": "$0.81 per 10g"},
{"product_name": "Maggi Onion Soup | 32g", "price": "$2.80", "unit_price": "$8.75 per 100g"},
{"product_name": "Gravox Peppercorn With Cream Sauce Liquid Pouch | 165g", "price": "$2.80", "unit_price": "$1.70 per 100g"},
{"product_name": "Dole Tropical Fruit Chunks In Light Syrup | 432g", "price": "$2.80", "unit_price": "$6.48 per 1kg"},
{"product_name": "Continental Four Cheeses Pasta & Sauce Serves 3 | 100g", "price": "$2.80", "unit_price": "$2.80 per 100g"},
{"product_name": "Gravox Brown Onion Gravy | 165g", "price": "$2.80", "unit_price": "$0.17 per 10g"},
{"product_name": "John West Wild Scottish Mackerel Fillets In Brine | 125g", "price": "$3.60", "unit_price": "$28.80 per 1kg"},
{"product_name": "Seacrown Prawns In Brine | 200g", "price": "$3.50", "unit_price": "$17.50 per 1kg"},
{"product_name": "Coles Whole Green Olives in Brine | 350g", "price": "$3.50", "unit_price": "$10.00 per 1kg"},
{"product_name": "Keep It Cleaner Bliss Bar Cookies & Cream | 40g", "price": "$3.50", "unit_price": "$8.75 per 100g"},
{"product_name": "Bounce Low Carb Bar Caramel Cookie Dough | 35g", "price": "$3.50", "unit_price": "$10.00 per 100g"},
{"product_name": "ATP Science Noway Strawberry Collagen Marshmallow Bar | 50g", "price": "$3.50", "unit_price": "$7.00 per 100g"},
{"product_name": "Coles Finest All Butter Cheese & Onion Pinwheel Crackers | 90g", "price": "$3.50", "unit_price": "$3.89 per 100g"},
{"product_name": "Peck's Salmon & Lobster Spread | 50g", "price": "$3.50", "unit_price": "$7.00 per 100g"},
{"product_name": "Tilda Steamed Basmati Brown Rice | 250g", "price": "$3.50", "unit_price": "$1.40 per 100g"},
{"product_name": "Continental Sensations Soup Mexican Tomato & Corn Serves 2 | 55g", "price": "$3.50", "unit_price": "$6.36 per 100g"},
{"product_name": "Hot Kid Ball Cakes Honey Flavour | 210g", "price": "$3.50", "unit_price": "$1.67 per 100g"},
{"product_name": "Heinz Plant Proteinz Soup Lentil & Roasted Sweet Potato Dahl With Ginger &Turmeric | 330g", "price": "$3.50", "unit_price": "$1.06 per 100g"},
{"product_name": "Continental Sensation Garden Cauliflower & 4 Cheese Soup Serves 2 | 62g", "price": "$3.50", "unit_price": "$5.65 per 100g"},
{"product_name": "Wellness Road Organic Buckwheat Kernels | 500g", "price": "$3.50", "unit_price": "$0.70 per 100g"},
{"product_name": "Pattu Red Chilli Powder | 200g", "price": "$3.50", "unit_price": "$0.18 per 10g"},
{"product_name": "Hart & Soul Coconut Pumpkin Soup Pouch | 400g", "price": "$3.50", "unit_price": "$0.88 per 100g"},
{"product_name": "Masterfoods No Added Salt Moroccan Blend | 38g", "price": "$4.25", "unit_price": "$1.12 per 10g"},
{"product_name": "Jordans Granola Low Sugar Strawberry & Seeds | 500g", "price": "$4.25", "unit_price": "$0.85 per 100g"},
{"product_name": "Jordans Teenage Cluster Bites Honey & Nut | 500g", "price": "$4.25", "unit_price": "$0.85 per 100g"},
{"product_name": "Mr Chen's Japanese Ramen Kit | 604g", "price": "$4.25", "unit_price": "$0.70 per 100g"},
{"product_name": "Three Threes Peppered Onions Pickled | 500g", "price": "$4.25", "unit_price": "$8.50 per 1kg"},
{"product_name": "Orgran Gluten Free Self Raising Flour | 500g", "price": "$4.20", "unit_price": "$8.40 per 1kg"},
{"product_name": "Orgran Buckwheat Pancake Mix | 375g", "price": "$4.20", "unit_price": "$1.12 per 100g"},
{"product_name": "Greenback Plant Protein Hazelnut Bar | 50g", "price": "$4.20", "unit_price": "$8.40 per 100g"},
{"product_name": "Nando's Medium Peri-Peri Marinade | 262g", "price": "$4.15", "unit_price": "$1.58 per 100g"},
{"product_name": "Bega Cream Cheese Spread Light | 250g", "price": "$4.10", "unit_price": "$16.40 per 1kg"},
{"product_name": "Cookie Time Original Chocolate Chunk Cookie | 85g", "price": "$4.05", "unit_price": "$4.76 per 100g"},
{"product_name": "Chicco D'Oro Premium Blend Delta Ground Coffee | 200g", "price": "$4.00", "unit_price": "$2.00 per 100g"},
{"product_name": "Gravox Roast Chicken With Herbs Family Pack Liquid Gravy Pouch | 250g", "price": "$4.00", "unit_price": "$1.60 per 100g"},
{"product_name": "Heritage Mill Porridge Sachets Honey Cinnamon | 350g", "price": "$4.00", "unit_price": "$1.14 per 100g"},
{"product_name": "Wicked Dill Pickle | 500g", "price": "$4.00", "unit_price": "$8.00 per 1kg"},
{"product_name": "Angas Park Figs Soft & Juicy | 250g", "price": "$4.00", "unit_price": "$16.00 per 1kg"},
{"product_name": "Reeses Peanut Butter Baking Chips | 283g", "price": "$5.00", "unit_price": "$1.77 per 100g"},
{"product_name": "Old El Paso White Corn Tortillas Tacos 10 Pack | 208g", "price": "$5.00", "unit_price": "$2.40 per 100g"},
{"product_name": "Coles Bom Liquid Breakfast Coffee Flavoured 3x250mL | 750mL", "price": "$5.00", "unit_price": "$6.67 per 1L"},
{"product_name": "Leggo's Organic Tomato & Basil Pasta Sauce | 500g", "price": "$5.00", "unit_price": "$1.00 per 100g"},
{"product_name": "Carman's Fibre Rich Probiotic Honey & Almond | 240g", "price": "$5.00", "unit_price": "$2.08 per 100g"},
{"product_name": "Fehlbergs Burger Pickles | 490g", "price": "$5.00", "unit_price": "$10.20 per 1kg"},
{"product_name": "La Costena Chipotle Sauce | 220g", "price": "$5.00", "unit_price": "$2.27 per 100g"},
{"product_name": "Marion's Kitchen Gluten Free Sticky Chilli Ginger Marinade | 240mL", "price": "$5.00", "unit_price": "$2.08 per 100mL"},
{"product_name": "Whittaker's West Coast Buttermilk Caramelised White Chocolate | 100g", "price": "$5.00", "unit_price": "$5.00 per 100g"},
{"product_name": "Olympian Almond Crescents Kourambies Greek Biscuits | 250g", "price": "$5.00", "unit_price": "$2.00 per 100g"},
{"product_name": "Olympian Sesame Biscota | 250g", "price": "$5.00", "unit_price": "$2.00 per 100g"},
{"product_name": "Gravox Traditional Salt Reduced Gravy Mix Tin | 120g", "price": "$5.00", "unit_price": "$0.42 per 10g"},
{"product_name": "John West Salmon Slices Springwater | 125g", "price": "$4.90", "unit_price": "$39.20 per 1kg"},
{"product_name": "Food For Health Liver Cleansing Wheat Free Muesli | 475g", "price": "$4.80", "unit_price": "$1.01 per 100g"},
{"product_name": "Red Kellys Caesar Dressing | 250mL", "price": "$4.80", "unit_price": "$1.92 per 100mL"},
{"product_name": "Quest Protein Cookie Double Chocolate Chip | 59g", "price": "$4.80", "unit_price": "$8.14 per 100g"},
{"product_name": "Queen Victoria  Green Tea Bags | 50 pack", "price": "$6.00", "unit_price": "$0.12 per 1ea"},
{"product_name": "Queen Victoria  Peppermint Tea Bags | 50 pack", "price": "$6.00", "unit_price": "$0.12 per 1ea"},
{"product_name": "Queen Victoria  Earl Grey Tea Bags | 50 pack", "price": "$6.00", "unit_price": "$0.12 per 1ea"},
{"product_name": "Lotte Choco Pie Original | 336g", "price": "$6.00", "unit_price": "$1.79 per 100g"},
{"product_name": "Hershey's Strawberry Flavour Syrup | 623g", "price": "$6.00", "unit_price": "$0.96 per 100g"},
{"product_name": "Coles Organic Smooth Peanut Butter | 375g", "price": "$6.00", "unit_price": "$1.60 per 100g"},
{"product_name": "Olympian Traditional Sweetloaf | 400g", "price": "$6.00", "unit_price": "$1.50 per 100g"},
{"product_name": "Riverside All Australian Pecan Halves | 180g", "price": "$5.95", "unit_price": "$33.06 per 1kg"},
{"product_name": "Local Legends Premium Angus Steak Strips | 50g", "price": "$5.90", "unit_price": "$11.80 per 100g"},
{"product_name": "Hoyts Bay Leaves | 20g", "price": "$5.90", "unit_price": "$2.95 per 10g"},
{"product_name": "Beerenberg Sweet Mustard Pickle | 265g", "price": "$5.90", "unit_price": "$2.23 per 100g"},
{"product_name": "Gullon Sugar Free Digestive Biscuits | 400g", "price": "$5.90", "unit_price": "$1.48 per 100g"},
{"product_name": "Gaganis Borlotti Beans | 1kg", "price": "$5.80", "unit_price": "$5.80 per 1kg"},
{"product_name": "Jade Phoenix Mushroom Shitake | 100g", "price": "$5.80", "unit_price": "$58.00 per 1kg"},
{"product_name": "Jeeny's Tamarind Puree | 220g", "price": "$5.70", "unit_price": "$2.59 per 100g"},
{"product_name": "Heinz Spaghetti in Tomato Sauce Pasta 4 pack | 130g", "price": "$5.70", "unit_price": "$43.85 per 1kg"},
{"product_name": "Coles Finest Queensland Macadamia Honey | 400g", "price": "$7.50", "unit_price": "$1.88 per 100g"},
{"product_name": "Carman's Pink Lady Apple & Blueberry 5 Grain & Seed Granola | 450g", "price": "$7.50", "unit_price": "$1.67 per 100g"},
{"product_name": "Coles Organic Coconut Sugar | 500g", "price": "$7.50", "unit_price": "$1.50 per 100g"},
{"product_name": "Whole Earth Sugar Raw Replacement | 200g", "price": "$7.10", "unit_price": "$3.55 per 100g"},
{"product_name": "Twinings Lemon & Ginger Infusions Tea Bags 40 pack | 60g", "price": "$7.00", "unit_price": "$0.18 per 1ea"},
{"product_name": "Coles Extra Mild Olive Oil | 500mL", "price": "$7.00", "unit_price": "$1.40 per 100mL"},
{"product_name": "Lindt Classic Vegan Smooth Block Chocolate | 100g", "price": "$7.00", "unit_price": "$7.00 per 100g"},
{"product_name": "Lipton Peach Iced Tea Sachets | 20 pack", "price": "$7.00", "unit_price": "$0.35 per 1ea"},
{"product_name": "Betty Crocker Vanilla Cake Mix | 540g", "price": "$7.00", "unit_price": "$1.30 per 100g"},
{"product_name": "Health Lab Gluten Free Chewy Choc Chip Protein Ball 3x40g | 120g", "price": "$7.00", "unit_price": "$5.83 per 100g"},
{"product_name": "Sandhurst Semi Dried Tomato Julienne Strips | 500g", "price": "$7.00", "unit_price": "$1.40 per 100g"},
{"product_name": "Arkadia Chai Tea Low Sugar | 240g", "price": "$7.00", "unit_price": "$2.92 per 100g"},
{"product_name": "Saxa Pepper Blended Whole Peppercorns | 190g", "price": "$7.00", "unit_price": "$0.37 per 10g"},
{"product_name": "Betty Crocker Salted Caramel Cookie Mix | 400g", "price": "$7.00", "unit_price": "$1.75 per 100g"},
{"product_name": "Queen Organic Vanilla Extract | 100mL", "price": "$7.00", "unit_price": "$0.70 per 10mL"},
{"product_name": "Kellogg's Frosties Breakfast Cereal | 350g", "price": "$7.00", "unit_price": "$2.00 per 100g"},
{"product_name": "Mckenzie's Hand Picked Australian Saffron | 100mg", "price": "$14.40", "unit_price": "$1,440.00 per 10g"},
{"product_name": "Lavazza Tales Of Italy Eternal Roma Ground Coffee | 250g", "price": "$14.00", "unit_price": "$5.60 per 100g"},
{"product_name": "Vittoria Freeze Dried Instant Decaf | 100g", "price": "$13.50", "unit_price": "$13.50 per 100g"},
{"product_name": "Angas Park Large Apricots | 375g", "price": "$13.00", "unit_price": "$3.47 per 100g"},
{"product_name": "John West Wild Alaskan Red Salmon | 415g", "price": "$13.00", "unit_price": "$31.33 per 1kg"},
{"product_name": "T2 Peppermint Tea Bags | 25 pack", "price": "$13.00", "unit_price": "$0.52 per 1ea"},
{"product_name": "Obento Sushi Kit | 540g", "price": "$12.80", "unit_price": "$2.37 per 100g"},
{"product_name": "Moccona Classic Dark Roast Instant Coffee | 200g", "price": "$12.50", "unit_price": "$6.25 per 100g"},
{"product_name": "Vittoria Freeze Dried Latte Instant Coffee | 100g", "price": "$12.50", "unit_price": "$12.50 per 100g"},
{"product_name": "Crisco Blended Vegetable Oil | 2L", "price": "$12.00", "unit_price": "$0.60 per 100mL"},
{"product_name": "Nescafe Blend 43 Espresso Instant Coffee | 150g", "price": "$11.50", "unit_price": "$7.67 per 100g"},
{"product_name": "Nescafe Blend 43 Mild Roast Instant Coffee | 150g", "price": "$11.50", "unit_price": "$7.67 per 100g"},
{"product_name": "Queen Victoria Green Tea Bags | 100 pack", "price": "$11.00", "unit_price": "$0.11 per 1ea"},
{"product_name": "Queen Victoria Honey & Vanilla Camomile Tea Bags | 100 pack", "price": "$11.00", "unit_price": "$0.11 per 1ea"},
{"product_name": "Robert Timms Cafe Series Freeze Dried Medium Roast | 90g", "price": "$11.00", "unit_price": "$12.22 per 100g"},
{"product_name": "Raw C Organic Coconut Oil | 700mL", "price": "$11.00", "unit_price": "$1.57 per 100mL"},
{"product_name": "Heinz Spaghetti Alphagetti Pasta in sauce | 220g", "price": "$2.00", "unit_price": "$9.09 per 1kg"},
{"product_name": "Lee Kum Kee Ready Sauce Cantonese Chicken | 120g", "price": "$1.90", "unit_price": "$1.58 per 100g"},
{"product_name": "Kras Chocolate Cream Wafers | 93g", "price": "$1.90", "unit_price": "$2.04 per 100g"},
{"product_name": "Continental Shepherds Pie Recipe Base | 50g", "price": "$1.80", "unit_price": "$3.60 per 100g"},
{"product_name": "Maggi Gluten Free Side Dishes Potato Bake Cheese And Bacon | 21g", "price": "$1.75", "unit_price": "$8.33 per 100g"},
{"product_name": "Maggi Your Meal Your Way Cottage Pie Gluten Free | 37g", "price": "$1.75", "unit_price": "$4.73 per 100g"},
{"product_name": "Three Threes Tomato Sauce | 275mL", "price": "$1.65", "unit_price": "$0.60 per 100mL"},
{"product_name": "Obento Sushi Bamboo Mat | 1 each", "price": "$1.60", "unit_price": "$1.60 per 1ea"},
{"product_name": "Nissin Tonkotsu Flavour Instant Noodles | 100g", "price": "$1.60", "unit_price": "$1.60 per 100g"},
{"product_name": "Coles Honey Mustard & Garlic Marinade | 275g", "price": "$1.60", "unit_price": "$0.58 per 100g"},
{"product_name": "Edgell Snack Time Red Kidney Beans With Chilli & Olive Oil | 70g", "price": "$1.60", "unit_price": "$22.86 per 1kg"},
{"product_name": "Tic Tac Orange Mints | 24g", "price": "$1.50", "unit_price": "$6.25 per 100g"},
{"product_name": "Coles Baked Beans In BBQ Sauce | 425g", "price": "$1.50", "unit_price": "$3.53 per 1kg"},
{"product_name": "Hart & Soul Soup Tom Yum Cup | 100g", "price": "$1.50", "unit_price": "$1.50 per 100g"},
{"product_name": "Aeroplane Ready To Eat Pineapple Jelly | 120g", "price": "$1.50", "unit_price": "$1.25 per 100g"},
{"product_name": "Coles Spaghetti Rich Tomato Canned | 420g", "price": "$1.50", "unit_price": "$3.57 per 1kg"},
{"product_name": "Natvia Sweetener Sticks | 40 pack", "price": "$2.90", "unit_price": "$0.07 per 1ea"},
{"product_name": "Coles Custard Powder | 350g", "price": "$2.90", "unit_price": "$0.83 per 100g"},
{"product_name": "Coles Australian Blanched Almonds | 150g", "price": "$2.85", "unit_price": "$19.00 per 1kg"},
{"product_name": "Sparletta Creme Soda | 300mL", "price": "$2.80", "unit_price": "$0.93 per 100mL"},
{"product_name": "Mckenzie's Wholemeal Spelt Flour | 300g", "price": "$2.80", "unit_price": "$9.33 per 1kg"},
{"product_name": "MasterFoods Vanilla Sugar | 65g", "price": "$2.80", "unit_price": "$0.43 per 10g"},
{"product_name": "Continental Alfredo Garlic & Herb Pasta & Sauce Serves 3 | 85g", "price": "$2.80", "unit_price": "$3.29 per 100g"},
{"product_name": "Kan Tong Honey Sesame & Garlic Stir Fry Sauce | 520g", "price": "$2.80", "unit_price": "$0.54 per 100g"},
{"product_name": "Coles All Spice | 50g", "price": "$2.70", "unit_price": "$0.54 per 10g"},
{"product_name": "John West Tempters Onion & Tomato Light Tuna | 95g", "price": "$2.70", "unit_price": "$28.42 per 1kg"},
{"product_name": "John West Tuna Tempters Tomato Bruscetta | 95g", "price": "$2.70", "unit_price": "$28.42 per 1kg"},
{"product_name": "Sweet William Dairy Free Vegan Rice Crackle Chocolate Bar | 50g", "price": "$2.60", "unit_price": "$5.20 per 100g"},
{"product_name": "McKenzie's French Style Black Lentils | 375g", "price": "$2.60", "unit_price": "$0.69 per 100g"},
{"product_name": "CSR Jam Setting Sugar | 500g", "price": "$2.60", "unit_price": "$0.52 per 100g"},
{"product_name": "John West Salmon Tempters Lime- Chilli & Ginger | 95g", "price": "$2.60", "unit_price": "$27.37 per 1kg"},
{"product_name": "Ainsley Harriott Cous Cous Sundried Tomato & Garlic | 100g", "price": "$2.60", "unit_price": "$2.60 per 100g"},
{"product_name": "Continental Pasta & Sauce Family Sour Cream Chives | 145g", "price": "$3.50", "unit_price": "$2.41 per 100g"},
{"product_name": "The Natural Rice Co Australian White | 750g", "price": "$3.50", "unit_price": "$0.47 per 100g"},
{"product_name": "Hart & Soul Cauliflower & Cashew Soup Pouch | 400g", "price": "$3.50", "unit_price": "$0.88 per 100g"},
{"product_name": "San Remo Chickpeas Spirals Pulse Pasta | 250g", "price": "$3.50", "unit_price": "$1.40 per 100g"},
{"product_name": "Coles Bake & Create Eyeball Decorations | 80g", "price": "$3.50", "unit_price": "$4.38 per 100g"},
{"product_name": "Baxters Chilli Jam | 225g", "price": "$5.40", "unit_price": "$2.40 per 100g"},
{"product_name": "Hart & Soul Coconut Lentil Soup Pouch | 400g", "price": "$3.50", "unit_price": "$0.88 per 100g"},
{"product_name": "Kan Tong Teriyaki Chicken Stir Fry Meal Base Pouch | 175g", "price": "$3.50", "unit_price": "$2.00 per 100g"},
{"product_name": "Kan Tong Chicken & Cashew Nut Stir Fry Meal Base Pouch | 175g", "price": "$3.50", "unit_price": "$2.00 per 100g"},
{"product_name": "Bounce Gluten Free Cashew Caramel Protein Energy Ball | 40g", "price": "$3.50", "unit_price": "$8.75 per 100g"},
{"product_name": "Edgell Nourish Bowl Spiced Lentil Chickpeas & Brown Rice Ready To Eat | 200g", "price": "$3.50", "unit_price": "$17.50 per 1kg"},
{"product_name": "MasterFoods Moroccan Chicken Simmer Sauce | 510g", "price": "$3.50", "unit_price": "$0.69 per 100g"},
{"product_name": "MasterFoods Mild Chicken Curry Slow Cook Simmer Sauce | 490g", "price": "$3.50", "unit_price": "$0.71 per 100g"},
{"product_name": "Lee Kum Kee Sweet & Sour Sauce | 240g", "price": "$3.45", "unit_price": "$1.44 per 100g"},
{"product_name": "Valcom Laksa Curry Paste | 230g", "price": "$3.40", "unit_price": "$1.48 per 100g"},
{"product_name": "I Dolci Di Montagna Sfogliatine Glassate Wafers | 135g", "price": "$3.40", "unit_price": "$2.52 per 100g"},
{"product_name": "Jols Fruit 3 pack | 69g", "price": "$4.00", "unit_price": "$5.80 per 100g"},
{"product_name": "Whitlocks Soup Louisiana Style Tomato & Capsicum & Corn Gumbo Soup | 420g", "price": "$4.00", "unit_price": "$0.95 per 100g"},
{"product_name": "Olinas Lavosh New Natural Crackers | 110g", "price": "$4.00", "unit_price": "$3.64 per 100g"},
{"product_name": "MasterFoods Wholegrain Mustard | 175g", "price": "$4.00", "unit_price": "$2.29 per 100g"},
{"product_name": "Monini Organic Olives Green Pitted Bella Di Cerignola | 150g", "price": "$4.00", "unit_price": "$26.67 per 1kg"},
{"product_name": "Massel Salt Reduced Liquid Chicken Stock | 1L", "price": "$4.00", "unit_price": "$0.40 per 100mL"},
{"product_name": "John West Protein+ Bowl Corn Chilli RKB | 170g", "price": "$4.00", "unit_price": "$23.53 per 1kg"},
{"product_name": "Sun Harvest Lemon Juice | 200mL", "price": "$4.00", "unit_price": "$0.20 per 10mL"},
{"product_name": "F. Whitlock & Sons BBQ Mustard Thick Sauce | 250mL", "price": "$4.00", "unit_price": "$1.60 per 100mL"},
{"product_name": "Snazk Bites Salted Egg Golden Cube Spicy | 100g", "price": "$4.00", "unit_price": "$4.00 per 100g"},
{"product_name": "Krumbled Collagen Beauty Bites Chocolate Cherry Coconut | 32g", "price": "$4.00", "unit_price": "$12.50 per 100g"},
{"product_name": "Coles Raw Apple Cider Vinegar | 500mL", "price": "$4.00", "unit_price": "$0.80 per 100mL"},
{"product_name": "Walters Original Nougat Biscuit | 150g", "price": "$4.00", "unit_price": "$2.67 per 100g"},
{"product_name": "Hart & Soul Gluten Free Chicken Noodle Soup | 155g", "price": "$4.00", "unit_price": "$2.58 per 100g"},
{"product_name": "Tapatio Hot Sauce | 148mL", "price": "$4.00", "unit_price": "$2.70 per 100mL"},
{"product_name": "Baxters Classic Tomato Chutney | 225g", "price": "$5.40", "unit_price": "$2.40 per 100g"},
{"product_name": "Patak's Ready To Eat Mini Garlic Herb Pappadum | 75g", "price": "$4.80", "unit_price": "$6.40 per 100g"},
{"product_name": "Guzzi's Golden Pasta Baby Gnocchi | 500g", "price": "$4.80", "unit_price": "$0.96 per 100g"},
{"product_name": "180 Degrees Parmesan Oat Crackers | 135g", "price": "$4.80", "unit_price": "$3.56 per 100g"},
{"product_name": "Nice & Natural Cashew Butter With Real Dark Chocolate 5 Bars | 175g", "price": "$4.80", "unit_price": "$2.74 per 100g"},
{"product_name": "180 Degrees Hazelnut Oat Crackers | 150g", "price": "$4.80", "unit_price": "$3.20 per 100g"},
{"product_name": "Maggie Beer Classic Peppercorn Finishing Sauce | 170g", "price": "$4.75", "unit_price": "$2.79 per 100g"},
{"product_name": "Aofc Organic Tomato & Basil Napoli Sauce Pouch | 400g", "price": "$4.75", "unit_price": "$1.19 per 100g"},
{"product_name": "CC's Corn Chips Chilli & Lime | 175g", "price": "$4.70", "unit_price": "$2.69 per 100g"},
{"product_name": "Tetley Natural Green Tea Bags 50 pack | 60g", "price": "$4.70", "unit_price": "$0.09 per 1ea"},
{"product_name": "Colman's Old English Mustard | 100g", "price": "$4.60", "unit_price": "$4.60 per 100g"},
{"product_name": "Delverde Calamari Giganti Pasta | 500g", "price": "$4.55", "unit_price": "$0.91 per 100g"},
{"product_name": "Lee Kum Kee Dark Soy Mushroom Sauce | 500mL", "price": "$4.50", "unit_price": "$0.90 per 100mL"},
{"product_name": "Hoyts Four Colour Pepper Mix | 50g", "price": "$4.50", "unit_price": "$0.90 per 10g"},
{"product_name": "Iku Cacao And Cocoa Sago Pot | 215g", "price": "$4.50", "unit_price": "$2.09 per 100g"},
{"product_name": "Musashi Protein Cookie White Choc Berry | 58g", "price": "$4.50", "unit_price": "$7.76 per 100g"},
{"product_name": "Carmans Sourdough Crackers Three Seed | 140g", "price": "$4.50", "unit_price": "$3.21 per 100g"},
{"product_name": "Crosse & Blackwell Tangy Mayonnaise | 375mL", "price": "$5.85", "unit_price": "$1.56 per 100mL"},
{"product_name": "Hamper Corned Beef Original Canned Meat | 200g", "price": "$5.80", "unit_price": "$29.00 per 1kg"},
{"product_name": "Simply Wize Gluten Free Gnocchi Pumpkin | 500g", "price": "$5.80", "unit_price": "$1.16 per 100g"},
{"product_name": "Marvels Original Popcorn Gaytime | 100g", "price": "$5.75", "unit_price": "$5.75 per 100g"},
{"product_name": "Beerenberg Australian Apricot Jam | 300g", "price": "$5.70", "unit_price": "$1.90 per 100g"},
{"product_name": "Coles Cashew Butter | 250g", "price": "$5.70", "unit_price": "$2.28 per 100g"},
{"product_name": "Wallaby Nutty Bites With Sea Salt | 130g", "price": "$5.70", "unit_price": "$4.38 per 100g"},
{"product_name": "Sugarine Sweetener Tablets | 600 pack", "price": "$5.70", "unit_price": "$0.95 per 100ea"},
{"product_name": "McKenzie's Gelatine Leaves | 20g", "price": "$5.65", "unit_price": "$28.25 per 100g"},
{"product_name": "180 Degrees Grazers Artisan Crackers Chilli & Pepita | 120g", "price": "$5.50", "unit_price": "$4.58 per 100g"},
{"product_name": "Sunbeam Australian Nuts Slivered Almonds | 100g", "price": "$5.50", "unit_price": "$55.00 per 1kg"},
{"product_name": "John West Salmon Skinless & Boneless Springwater | 200g", "price": "$5.50", "unit_price": "$27.50 per 1kg"},
{"product_name": "Patak's Tandoori Simmer Sauce | 450g", "price": "$5.50", "unit_price": "$1.22 per 100g"},
{"product_name": "Kewpie Mayonnaise Yuzu Flavour | 300g", "price": "$5.50", "unit_price": "$1.83 per 100g"},
{"product_name": "Coles Brazil Nuts | 150g", "price": "$5.50", "unit_price": "$3.67 per 100g"},
{"product_name": "Hart & Soul Rice Supergrain Butter Chicken | 250g", "price": "$5.50", "unit_price": "$2.20 per 100g"},
{"product_name": "Uncle Tobys Oat Crisp Almond | 415g", "price": "$7.00", "unit_price": "$1.69 per 100g"},
{"product_name": "Pana Organic Mylk Hazelnut Chocolate | 80g", "price": "$7.00", "unit_price": "$8.75 per 100g"},
{"product_name": "Musashi Protein Choc Block Choc Honeycomb | 120g", "price": "$7.00", "unit_price": "$5.83 per 100g"},
{"product_name": "Coles Bom Liquid Breakfast Coffee Flavoured 6x250mL | 1.5L", "price": "$7.00", "unit_price": "$4.67 per 1L"},
{"product_name": "Coles Bom Strawberry Flavoured Liquid Breakfast 6x250mL | 1.5L", "price": "$7.00", "unit_price": "$4.67 per 1L"},
{"product_name": "Starbucks White Cafe Latte NDG Capsules | 12 pack", "price": "$7.00", "unit_price": "$0.58 per 1ea"},
{"product_name": "Health Lab Peanut Butter Choc Nut Butterball 3x40g | 120g", "price": "$7.00", "unit_price": "$5.83 per 100g"},
{"product_name": "Pana Organic Mylk Coconut Rough Chocolate | 80g", "price": "$7.00", "unit_price": "$8.75 per 100g"},
{"product_name": "Pico Hazelnut Milk Chocolate | 80g", "price": "$7.00", "unit_price": "$8.75 per 100g"},
{"product_name": "Taylors Of Harrogate Yorkshire Gold Tea Bags | 100 pack", "price": "$7.00", "unit_price": "$0.07 per 1ea"},
{"product_name": "Nescafe Dolce Gusto Americano Coffee Capsules 16 pack | 128g", "price": "$7.00", "unit_price": "$0.44 per 1ea"},
{"product_name": "Moccona Classic Medium Roast Instant Coffee | 50g", "price": "$7.00", "unit_price": "$14.00 per 100g"},
{"product_name": "Capilano Light & Smooth Honey Upside Down | 340g", "price": "$6.90", "unit_price": "$2.03 per 100g"},
{"product_name": "Heinz Tangy Crunchy Sandwich Spread | 300g", "price": "$6.80", "unit_price": "$2.27 per 100g"},
{"product_name": "MasterFoods Ground Mild Paprika | 115g", "price": "$6.80", "unit_price": "$0.59 per 10g"},
{"product_name": "Tasti Smooshed Wholefood Balls Berry Cashew & Cacao | 207g", "price": "$6.75", "unit_price": "$3.26 per 100g"},
{"product_name": "Nescafe Green Blend Instant Coffee | 100g", "price": "$13.50", "unit_price": "$13.50 per 100g"},
{"product_name": "Moccona Mocha Kenya Style Rich & Exotic Instant Coffee | 200g", "price": "$12.50", "unit_price": "$6.25 per 100g"},
{"product_name": "Vittoria Freeze Dried Classic Instant Coffee | 100g", "price": "$12.50", "unit_price": "$12.50 per 100g"},
{"product_name": "Lavazza Qualita Rossa A Modo Mio Coffee Pods | 16 pack", "price": "$12.50", "unit_price": "$0.78 per 1ea"},
{"product_name": "Protea Foods Lekker Traditional Biltong Slices | 100g", "price": "$12.00", "unit_price": "$12.00 per 100g"},
{"product_name": "Daley Street Q-graders Cremorne Coffee Beans | 250g", "price": "$12.00", "unit_price": "$4.80 per 100g"},
{"product_name": "La Espanola Organic Extra Virgin Olive Oil | 1L", "price": "$12.00", "unit_price": "$1.20 per 100mL"},
{"product_name": "Robert Timms Cafe Series Cafe Series Freeze Dried Intese Instant Coffee | 90g", "price": "$11.00", "unit_price": "$12.22 per 100g"},
{"product_name": "Queen Victoria Lemon & Ginger Tea Bags | 100 pack", "price": "$11.00", "unit_price": "$0.11 per 1ea"},
{"product_name": "Queen Victoria Earl Grey Tea Bags | 100 pack", "price": "$11.00", "unit_price": "$0.11 per 1ea"},
{"product_name": "Robert Timms Cafe Series Freeze Dried Dark Roast | 90g", "price": "$11.00", "unit_price": "$12.22 per 100g"},
{"product_name": "Mary's Gone Original Crackers | 184g", "price": "$11.00", "unit_price": "$5.98 per 100g"},
{"product_name": "Lavazza Espresso Barista Gran Crema Coffee Beans | 500g", "price": "$10.50", "unit_price": "$2.10 per 100g"},
{"product_name": "Lipton Spiced Chai Latte Sachets | 16 pack", "price": "$10.00", "unit_price": "$0.63 per 1ea"},
{"product_name": "Vittoria Espressotoria Italian Blend Coffee Capsules 12 pack | 78g", "price": "$10.00", "unit_price": "$0.83 per 1ea"},
{"product_name": "Protea Foods Lekker Traditional Droewors | 100g", "price": "$9.80", "unit_price": "$9.80 per 100g"},
{"product_name": "Queen Victoria Honey & Vanilla Camomile Tea Bags | 10 pack", "price": "$2.00", "unit_price": "$0.20 per 1ea"},
{"product_name": "Aeroplane Mousse Chocolate | 65g", "price": "$2.00", "unit_price": "$3.08 per 100g"},
{"product_name": "Outback Spirit Lemon Myrtle Coconut & Chilli Sauce | 245mL", "price": "$5.00", "unit_price": "$2.04 per 100mL"},
{"product_name": "Heinz Canned Spaghetti Tomato Sauce | 220g", "price": "$2.00", "unit_price": "$9.09 per 1kg"},
{"product_name": "Lee Kum Kee Ready Sauce Black Pepper Beef | 120g", "price": "$1.90", "unit_price": "$1.58 per 100g"},
{"product_name": "Lee Kum Kee Ready Sauce San Choy Bao | 100g", "price": "$1.90", "unit_price": "$1.90 per 100g"},
{"product_name": "Coles Pot Tea Bags 100 Pack | 185g", "price": "$1.90", "unit_price": "$0.02 per 1ea"},
{"product_name": "Maggi Air Fryer Crispy Japanese Style Seasoning | 45g", "price": "$1.80", "unit_price": "$4.00 per 100g"},
{"product_name": "Maggi Air Fryer Crunchy Southern Style Seasoning | 40g", "price": "$1.80", "unit_price": "$4.50 per 100g"},
{"product_name": "McCormick Produce Partner Italia Roast Potatoes | 40g", "price": "$1.80", "unit_price": "$4.50 per 100g"},
{"product_name": "Go Natural Choc Salted Caramel Bar | 40g", "price": null, "unit_price": null},
{"product_name": "Anchor Brown Vinegar | 1L", "price": "$1.80", "unit_price": "$0.18 per 100mL"},
{"product_name": "Hoyts Caraway Seeds | 15g", "price": "$1.80", "unit_price": "$1.20 per 10g"},
{"product_name": "Golden Circle Pine Mango Mashup Squeezy Pouch | 120g", "price": "$1.80", "unit_price": "$15.00 per 1kg"},
{"product_name": "Mama Cup Noodle Pork | 70g", "price": "$1.75", "unit_price": "$2.50 per 100g"},
{"product_name": "Hansells Chef's Kitchen French Style Creme Brulee | 70g", "price": "$1.75", "unit_price": "$2.50 per 100g"},
{"product_name": "Coles Pouch Soup Cauliflower Potato & Cashew | 430g", "price": "$3.00", "unit_price": "$0.70 per 100g"},
{"product_name": "Siena Stuffed Green Olives | 440g", "price": "$3.00", "unit_price": "$6.82 per 1kg"},
{"product_name": "Dole Pineapple Slices In Syrup | 439g", "price": "$3.00", "unit_price": "$6.83 per 1kg"},
{"product_name": "Cornwell's Brown Malt Vinegar | 750mL", "price": "$3.00", "unit_price": "$0.40 per 100mL"},
{"product_name": "Continental Cup A Soup Cream Of Chicken Soup Serves 4 | 75g", "price": "$3.00", "unit_price": "$4.00 per 100g"},
{"product_name": "Table Of Plenty Sharepack Rosemary & Sea Salt Mini Rice Cakes | 60g", "price": "$2.95", "unit_price": "$4.92 per 100g"},
{"product_name": "Pattu Ajwain Seeds | 100g", "price": "$2.95", "unit_price": "$0.30 per 10g"},
{"product_name": "Hoyts Whole Nutmeg | 30g", "price": "$2.90", "unit_price": "$0.97 per 10g"},
{"product_name": "Batchelors Chip Shop Style Mushy Peas | 300g", "price": "$2.90", "unit_price": "$9.67 per 1kg"},
{"product_name": "Hong Gong Salted Black Bean | 375g", "price": "$2.90", "unit_price": "$0.77 per 100g"},
{"product_name": "Nestle Pixie Caramel Bar | 50g", "price": "$2.90", "unit_price": "$5.80 per 100g"},
{"product_name": "MasterFoods Ground Ginger | 25g", "price": "$2.90", "unit_price": "$1.16 per 10g"},
{"product_name": "Obento Cooking Sake | 250mL", "price": "$2.85", "unit_price": "$1.14 per 100mL"},
{"product_name": "Coles Ground Sumac | 46g", "price": "$2.80", "unit_price": "$0.61 per 10g"},
{"product_name": "Green's Sticky Date Self Saucing Pudding | 260g", "price": "$2.80", "unit_price": "$1.08 per 100g"},
{"product_name": "Rosella Condensed Tomato Soup | 390g", "price": "$2.80", "unit_price": "$0.72 per 100g"},
{"product_name": "Heinz Big Eat Breakfast All Day | 410g", "price": "$3.50", "unit_price": "$8.54 per 1kg"},
{"product_name": "Coles Mixed Green & Kalamata Olives With Herbs | 350g", "price": "$3.50", "unit_price": "$10.00 per 1kg"},
{"product_name": "Leggos Tomato Paste Infused With Caramelised Onion | 250g", "price": "$3.50", "unit_price": "$1.40 per 100g"},
{"product_name": "Bounce Low Carb Peanut Butter | 35g", "price": "$3.50", "unit_price": "$10.00 per 100g"},
{"product_name": "Stagg Chilli Insanely Hot | 425g", "price": "$3.50", "unit_price": "$0.82 per 100g"},
{"product_name": "Continental Sensations Cup-A-Soup Aged Cheddar And Parmesan 2s | 66g", "price": "$3.50", "unit_price": "$5.30 per 100g"},
{"product_name": "Coles Finest All Butter Gouda & Edam Seeded Straws Crackers | 100g", "price": "$3.50", "unit_price": "$3.50 per 100g"},
{"product_name": "Nestle Plaistowe Baking Milk Chocolate Block | 180g", "price": "$3.50", "unit_price": "$1.94 per 100g"},
{"product_name": "Keens Recipe Base Mix Curried Sausage | 285g", "price": "$3.50", "unit_price": "$1.23 per 100g"},
{"product_name": "Hot Kid Ball Cakes Milk Flavour | 210g", "price": "$3.50", "unit_price": "$1.67 per 100g"},
{"product_name": "Edgell Nourish Bowl Zesty Cauliflower Rice & Beans Ready To Eat | 180g", "price": "$3.50", "unit_price": "$19.45 per 1kg"},
{"product_name": "The Natural Rice Co Australian Medium Grain Brown | 750g", "price": "$3.50", "unit_price": "$0.47 per 100g"},
{"product_name": "Cucina Matese Gluten Free Penne Pasta | 350g", "price": "$3.50", "unit_price": "$1.00 per 100g"},
{"product_name": "Continental Sensations 2s Soup Farmhouse Potato & Leek | 60g", "price": "$3.50", "unit_price": "$5.83 per 100g"},
{"product_name": "Continental Sensation Moroccan Vegetable Medley Soup Serves 2 | 68g", "price": "$3.50", "unit_price": "$5.15 per 100g"},
{"product_name": "Coles Bake & Create Bumble Bee Decorations | 32 pack", "price": "$3.50", "unit_price": "$0.11 per 1ea"},
{"product_name": "SPC Diced Peaches In Orange Jelly | 480g", "price": "$4.50", "unit_price": "$9.38 per 1kg"},
{"product_name": "Always Fresh Sundried Tomatoes Strips | 220g", "price": "$4.50", "unit_price": "$20.45 per 1kg"},
{"product_name": "Queen Designer Icing White | 140g", "price": "$4.50", "unit_price": "$3.21 per 100g"},
{"product_name": "Vegeta Stock Beef | 180g", "price": "$4.50", "unit_price": "$0.25 per 10g"},
{"product_name": "Greens Supreme Vanilla Bean Cake Mix | 555g", "price": "$4.30", "unit_price": "$0.77 per 100g"},
{"product_name": "Greens Supreme Cake Mix Carrot | 600g", "price": "$4.30", "unit_price": "$0.72 per 100g"},
{"product_name": "MasterFoods Mexican Chilli Powder | 30g", "price": "$4.30", "unit_price": "$1.43 per 10g"},
{"product_name": "Orgran Gluten Free All Purpose Plain Flour | 500g", "price": "$4.20", "unit_price": "$8.40 per 1kg"},
{"product_name": "Coles Sweetened Dried Blueberries | 130g", "price": "$4.20", "unit_price": "$3.23 per 100g"},
{"product_name": "Slendier Gluten Free Edamame Bean Organic Spaghetti | 200g", "price": "$4.20", "unit_price": "$2.10 per 100g"},
{"product_name": "Madam Wong Dried Red Chilli Small | 100g", "price": "$4.10", "unit_price": "$4.10 per 100g"},
{"product_name": "St Remio Coffee Expressi/Caffitaly Compatible Classic Capsules | 10 pack", "price": "$4.10", "unit_price": "$0.41 per 1ea"},
{"product_name": "MasterFoods Mango Chutney Relish | 250g", "price": "$4.00", "unit_price": "$1.60 per 100g"},
{"product_name": "Coles Organic Sultanas 6 Pack | 210g", "price": "$4.00", "unit_price": "$19.05 per 1kg"},
{"product_name": "Gravox Lamb & Rosemary Family Pack Liquid Gravy Pouch | 250g", "price": "$4.00", "unit_price": "$1.60 per 100g"},
{"product_name": "MasterFoods Garlic Steak Seasoning | 50g", "price": "$4.00", "unit_price": "$0.80 per 10g"},
{"product_name": "Marion's Kitchen Massaman Curry Paste | 190g", "price": "$5.00", "unit_price": "$2.63 per 100g"},
{"product_name": "Soothers Throat Gummies Butter Menthol | 150g", "price": "$5.00", "unit_price": "$3.33 per 100g"},
{"product_name": "Sharwood's Korma Simmer Sauce | 420g", "price": "$5.00", "unit_price": "$1.19 per 100g"},
{"product_name": "The Maple Treat Corp Pancake And Waffle Syrup | 250mL", "price": "$5.00", "unit_price": "$2.00 per 100mL"},
{"product_name": "Coles Bom Liquid Breakfast Banana Flavoured 3x250mL | 750mL", "price": "$5.00", "unit_price": "$6.67 per 1L"},
{"product_name": "Nestle Coffee & Milk | 395g", "price": "$5.00", "unit_price": "$1.27 per 100g"},
{"product_name": "Menz Jelichocs Choccy Snakes | 130g", "price": "$5.00", "unit_price": "$3.85 per 100g"},
{"product_name": "Healtheries Rice Wheels Burger Multipack Gluten Free Lunchbox Snacks 6X21g | 126g", "price": "$5.00", "unit_price": "$3.97 per 100g"},
{"product_name": "SPC Fruit Salad In Juice Can | 825g", "price": "$5.00", "unit_price": "$6.06 per 1kg"},
{"product_name": "White Wings Cake In A Cup Chocolate Brownie | 220g", "price": "$5.00", "unit_price": "$2.27 per 100g"},
{"product_name": "Harvest Hearty Irish Stew | 425g", "price": "$5.00", "unit_price": "$11.76 per 1kg"},
{"product_name": "John West Wild Caught Skinless & Boneless Smoked Salmon Slices  | 125g", "price": "$4.90", "unit_price": "$39.20 per 1kg"},
{"product_name": "Gaganis Mung Beans | 1kg", "price": "$4.90", "unit_price": "$4.90 per 1kg"},
{"product_name": "Orgran Garden Veggies Penne | 350g", "price": "$4.90", "unit_price": "$1.40 per 100g"},
{"product_name": "Valley Produce Co. Flatbread Sea Salt & Sesame Artisan Crackers | 130g", "price": "$4.90", "unit_price": "$3.77 per 100g"},
{"product_name": "Aunt Betty's Gluten Free Chocolate Pudding 2 Pieces | 190g", "price": "$4.90", "unit_price": "$2.58 per 100g"},
{"product_name": "Well Naturally Dark Chocolate Coated Almonds | 80g", "price": "$5.50", "unit_price": "$6.88 per 100g"},
{"product_name": "Keep It Cleaner Lentil Chips Vegan Cheese & Jalapeno | 90g", "price": "$5.50", "unit_price": "$6.11 per 100g"},
{"product_name": "Coles Mexican Smokey Spice | 140g", "price": "$5.50", "unit_price": "$3.93 per 100g"},
{"product_name": "Coles Natures Kitchen Chicken Style Meat free Slices | 100g", "price": "$5.50", "unit_price": "$5.50 per 100g"},
{"product_name": "Coles Overnight Chia Pudding Mango & Coconut | 210g", "price": "$5.50", "unit_price": "$2.62 per 100g"},
{"product_name": "Sunbeam Nuts Blanched Hazelnuts | 120g", "price": "$5.50", "unit_price": "$45.83 per 1kg"},
{"product_name": "Nibblish Gently Baked Pineapple | 80g", "price": "$5.50", "unit_price": "$6.88 per 100g"},
{"product_name": "John West Skinless & Boneless Salmon Olive Oil | 200g", "price": "$5.50", "unit_price": "$27.50 per 1kg"},
{"product_name": "Coles Joyful Muesli Bar Double Chocolate 180g | 1 each", "price": "$5.50", "unit_price": "$3.06 per 100g"},
{"product_name": "Coles Joyful Muesli Bar Strawberry Cheesecake 180g | 1 each", "price": "$5.50", "unit_price": "$3.06 per 100g"},
{"product_name": "Nestle Chokito Block Chocolate | 170g", "price": "$5.50", "unit_price": "$3.24 per 100g"},
{"product_name": "Coles Fruit Filled Mini Bars Stawberry 10 Pack | 370g", "price": "$5.50", "unit_price": "$1.49 per 100g"},
{"product_name": "Sunbeam Australian Sun Muscat Sultanas | 450g", "price": "$5.50", "unit_price": "$1.22 per 100g"},
{"product_name": "Buderim Ginger Bears | 175g", "price": "$5.50", "unit_price": "$31.43 per 1kg"},
{"product_name": "La Zuppa Pouch Chunky Tomato & Vegetable Soup | 540g", "price": "$5.50", "unit_price": "$1.02 per 100g"},
{"product_name": "Patak's Madras Simmer Sauce Hot | 450g", "price": "$5.50", "unit_price": "$1.22 per 100g"},
{"product_name": "Noshu Less Sugar Bites:Milk Choc Wafer | 100g", "price": "$6.50", "unit_price": "$6.50 per 100g"},
{"product_name": "Dilmah Wild Island Coriander With Cinnamon Ginger & Black Pepper Digest Blend | 20 pack", "price": "$6.50", "unit_price": "$0.33 per 1ea"},
{"product_name": "Coles Sea Salt Grinder | 250g", "price": "$6.50", "unit_price": "$0.26 per 10g"},
{"product_name": "Always Fresh Organic Green Olives | 220g", "price": "$6.50", "unit_price": "$29.55 per 1kg"},
{"product_name": "Patak's Curry Kit Butter Chicken | 313g", "price": "$6.50", "unit_price": "$2.08 per 100g"},
{"product_name": "Coles Urban Coffee Culture Dolce Gusto Ristretto Capsules | 16 pack", "price": "$6.50", "unit_price": "$0.41 per 1ea"},
{"product_name": "Coles Organic Whole Egg Mayonnaise | 445g", "price": "$6.50", "unit_price": "$1.46 per 100g"},
{"product_name": "Uncle Tobys Plus Iron Cereal | 410g", "price": "$6.50", "unit_price": "$1.59 per 100g"},
{"product_name": "Bokomo Pro Nutro Original Instant Porridge Cereal | 500g", "price": "$6.48", "unit_price": "$1.30 per 100g"},
{"product_name": "Bokomo Pro Nutro Chocolate Flavoured Instant Porridge Cereal | 500g", "price": "$6.48", "unit_price": "$1.30 per 100g"},
{"product_name": "Grinders Coffee Caffitaly Coffee Crema Capsules Caffe Crema | 10 pack", "price": "$6.40", "unit_price": "$0.64 per 1ea"},
{"product_name": "Ottogi Germinated Black Cooked Rice | 210g", "price": "$6.35", "unit_price": "$3.02 per 100g"},
{"product_name": "White Wings Gluten Free Self Raising Flour | 750g", "price": "$6.30", "unit_price": "$8.40 per 1kg"},
{"product_name": "Uncle Tobys Breakfast Bakes Honey and Almond Oats 4 pack | 260g", "price": "$6.30", "unit_price": "$2.42 per 100g"},
{"product_name": "Nexba Liquid Brekkie Vanilla 3x250mL | 750mL", "price": "$6.25", "unit_price": "$0.83 per 100mL"},
{"product_name": "Happy Snack Company Fav-va Beans Lightly Salted | 200g", "price": "$6.25", "unit_price": "$3.13 per 100g"},
{"product_name": "Winners Lemon Lime Energy Gel | 4 pack", "price": "$8.50", "unit_price": "$5.31 per 100g"},
{"product_name": "Twinings Livewell Metabolism + Zinc Tea Bag | 20 pack", "price": "$8.50", "unit_price": "$0.43 per 1ea"},
{"product_name": "Pukka Peace Blend Tea Bags | 20 pack", "price": "$8.50", "unit_price": "$0.43 per 1ea"},
{"product_name": "Muscle Nation Protein Chocolate Cookies & Cream | 100g", "price": "$8.50", "unit_price": "$8.50 per 100g"},
{"product_name": "Coles Premium Medjool Dates | 200g", "price": "$8.50", "unit_price": "$42.50 per 1kg"},
{"product_name": "Pukka Three Mint Herbal Tea Sachets 20 pack | 32g", "price": "$8.50", "unit_price": "$0.43 per 1ea"},
{"product_name": "Food For Health Gluten Free Muesli | 425g", "price": "$8.00", "unit_price": "$1.68 per 100g"},
{"product_name": "Yorkshire Tea Biscuit Brew Tea Bags | 40 pack", "price": "$8.00", "unit_price": "$0.20 per 1ea"},
{"product_name": "Lindt Koala Milk Chocolate | 100g", "price": "$8.00", "unit_price": "$8.00 per 100g"},
{"product_name": "Nongshim Kimchi Ramyun Noodle Soup 5 Pack | 600g", "price": "$8.00", "unit_price": "$1.33 per 100g"},
{"product_name": "Red Tractor Flax Hemp Chia Meal | 350g", "price": "$8.00", "unit_price": "$2.29 per 100g"},
{"product_name": "Coles Premium Macadamia Nuts | 150g", "price": "$8.00", "unit_price": "$53.34 per 1kg"},
{"product_name": "Betty Crocker Gluten Free Chocolate Fudge Brownie Baking Mix | 450g", "price": "$8.00", "unit_price": "$1.78 per 100g"},
{"product_name": "Red Tractor Wheat Free Oat Sachets Creamy Vanilla 8x40g | 320g", "price": "$7.90", "unit_price": "$2.47 per 100g"},
{"product_name": "Marion's Kitchen Signature Fried Chicken Kit | 255g", "price": "$7.80", "unit_price": "$3.06 per 100g"},
{"product_name": "Atkins Endulge Chocolate Break Bars 3 pack | 64g", "price": "$7.80", "unit_price": "$12.09 per 100g"},
{"product_name": "Melrose Essential Greens | 120g", "price": "$25.00", "unit_price": "$20.83 per 100g"},
{"product_name": "Baileys Chocolate Truffles | 320g", "price": "$25.00", "unit_price": "$7.81 per 100g"},
{"product_name": "Coles Perform Plant Protein Powder Vanilla | 500g", "price": "$24.00", "unit_price": "$4.80 per 100g"},
{"product_name": "Nature's Way Instant Chocolate Protein Powder | 375g", "price": "$22.50", "unit_price": "$6.00 per 100g"},
{"product_name": "L'OR Espresso Lungo Profondo Capsules | 40 pack", "price": "$22.00", "unit_price": "$0.55 per 1ea"},
{"product_name": "Macro Mike Pancake Mix Chocolate Chip | 250g", "price": "$20.00", "unit_price": "$8.00 per 100g"},
{"product_name": "Musashi High Protein Bar Peanut Butter 4x90g | 360g", "price": "$20.00", "unit_price": "$5.56 per 100g"},
{"product_name": "Coles Perform Elite BCAA Powder Watermelon Flavour | 200g", "price": "$20.00", "unit_price": "$10.00 per 100g"},
{"product_name": "Lavazza Espresso Classico Nespresso Compatible Coffee Pods | 30 pack", "price": "$17.00", "unit_price": "$0.57 per 1ea"},
{"product_name": "T2 Gorgeous Geisha Flavoured Green Tea Bags 25 pack | 50g", "price": "$17.00", "unit_price": "$0.68 per 1ea"},
{"product_name": "Naturopathica Fatblaster Weight Loss Shake 14 Meal Variety Pack | 462g", "price": "$15.00", "unit_price": "$3.25 per 100g"},
{"product_name": "Protea Foods Lekker Traditional Biltong Stokkies | 100g", "price": "$14.25", "unit_price": "$14.25 per 100g"},
{"product_name": "Red Tractor Green Banana Multi Fibre Powder | 225g", "price": "$14.00", "unit_price": "$6.22 per 100g"},
{"product_name": "Atkins Advantage Choc Raspberry Bars 5 pack | 150g", "price": "$14.00", "unit_price": "$9.33 per 100g"},
{"product_name": "Arkadia Spice Chai Tea Sachets 20 pack | 400g", "price": "$13.00", "unit_price": "$0.65 per 1ea"},
{"product_name": "Coles Wellness Road Organic White Quinoa | 1kg", "price": "$12.50", "unit_price": "$1.25 per 100g"},
{"product_name": "Aunt Betty's Creamy Rice Snack With Apple & Cinnamon | 240g", "price": "$2.50", "unit_price": "$1.04 per 100g"},
{"product_name": "Praise Free Range Egg Seafood Squeezy Sauce | 250mL", "price": "$2.50", "unit_price": "$1.00 per 100mL"},
{"product_name": "Aussie Bodies Lo Sugar Crunch Almond Caramel | 33g", "price": "$2.40", "unit_price": "$7.27 per 100g"},
{"product_name": "Smith's Baked Snacks Sour Cream & Chives | 130g", "price": "$2.40", "unit_price": "$1.85 per 100g"},
{"product_name": "Coles Vanilla Cake Mix | 440g", "price": "$2.35", "unit_price": "$0.53 per 100g"},
{"product_name": "Coles Banana Bread Baking Mix | 450g", "price": "$2.35", "unit_price": "$0.52 per 100g"},
{"product_name": "Nestle Tex Bar | 40g", "price": "$2.30", "unit_price": "$5.75 per 100g"},
{"product_name": "Coles Bake & Create White Chocolate Chips | 200g", "price": "$2.30", "unit_price": "$1.15 per 100g"},
{"product_name": "Safcol Smoked Oysters In Oil | 85g", "price": "$2.30", "unit_price": "$27.06 per 1kg"},
{"product_name": "Gold Pearl Rice Stick Noodles | 400g", "price": "$2.25", "unit_price": "$0.56 per 100g"},
{"product_name": "Kellogg's LCMs 25% Less Sugar Caramel 5 Pack | 100g", "price": "$2.25", "unit_price": "$2.25 per 100g"},
{"product_name": "Kellogg's LCMs Rice Bubbles Choc Chip 5 Pack | 100g", "price": "$2.25", "unit_price": "$2.25 per 100g"},
{"product_name": "Campbell's Chunky Soup Can Chicken Korma | 505g", "price": "$2.25", "unit_price": "$0.45 per 100g"},
{"product_name": "Coles Earl Grey Tea Bags 50 Pack | 92.5g", "price": "$2.20", "unit_price": "$0.04 per 1ea"},
{"product_name": "Coles Peppermint Infusion Tea Bags | 50 pack", "price": "$2.20", "unit_price": "$0.04 per 1ea"},
{"product_name": "Hoyts Ground Ginger | 25g", "price": "$2.20", "unit_price": "$0.88 per 10g"},
{"product_name": "Continental Aged Cheddar Parmesan & Chives Pasta & Sauce Serves 3 | 90g", "price": "$3.50", "unit_price": "$3.89 per 100g"},
{"product_name": "Continental Thai Coconut & Lemongrass Rice Serves 2 | 115g", "price": "$3.50", "unit_price": "$3.04 per 100g"},
{"product_name": "Continental Creamy Spinach Parmesan & Bacon Pasta Serves 2 | 91g", "price": "$3.50", "unit_price": "$3.85 per 100g"},
{"product_name": "Hoyts Giardiniera Pickled | 750g", "price": "$3.50", "unit_price": "$4.67 per 1kg"},
{"product_name": "Coles Chocolate Fudge Topping | 250mL", "price": "$3.50", "unit_price": "$1.40 per 100mL"},
{"product_name": "MasterFoods Honey Mustard Chicken Simmer Sauce | 505g", "price": "$3.50", "unit_price": "$0.69 per 100g"},
{"product_name": "Maggi Stir Fry Chinese Sticky BBQ Flavour | 150g", "price": "$3.50", "unit_price": "$2.33 per 100g"},
{"product_name": "Bounce Gluten Free Peanut Energy Protein Ball | 49g", "price": "$3.50", "unit_price": "$7.14 per 100g"},
{"product_name": "Maggi Stir Fry Chinese Five Spice And Soy Flavour | 150g", "price": "$3.50", "unit_price": "$2.33 per 100g"},
{"product_name": "Lavazza Qualita Rossa Nespresso Compatible Coffee Pods | 10 pack", "price": "$3.45", "unit_price": "$0.35 per 1ea"},
{"product_name": "Nando's Peri Peri Garlic Rub | 25g", "price": "$3.40", "unit_price": "$1.36 per 10g"},
{"product_name": "MasterFoods All Purpose Pepper Seasoning | 50g", "price": "$3.30", "unit_price": "$0.66 per 10g"},
{"product_name": "Lindt Excellence Cranberry Almond & Hazelnut Dark Chocolate Block | 100g", "price": "$3.30", "unit_price": "$3.30 per 100g"},
{"product_name": "Coles  Caramel Mocha Sachets 180g | 10 pack", "price": "$3.25", "unit_price": "$0.33 per 1ea"},
{"product_name": "Karma Bites Popped Lotus Seeds Himalayan Pink Salt | 25g", "price": "$3.20", "unit_price": "$12.80 per 100g"},
{"product_name": "Olympian Egg Noodle Pasta Medium | 250g", "price": "$3.20", "unit_price": "$1.28 per 100g"},
{"product_name": "Krumbled Collagen Beauty Bites White Chocolate Raspberry | 32g", "price": "$4.00", "unit_price": "$12.50 per 100g"},
{"product_name": "Ceres Guava Delight Fruit Juice | 1L", "price": "$4.00", "unit_price": "$4.00 per 1L"},
{"product_name": "Pascall Fruit Jubes Lollies | 180g", "price": "$4.00", "unit_price": "$2.22 per 100g"},
{"product_name": "Gravox Roast Pork Pack Liquid Gravy Pouch | 250g", "price": "$4.00", "unit_price": "$1.60 per 100g"},
{"product_name": "Eatrite Sea Salt & Apple Cider Vinegar Brown Rice Cracker | 100g", "price": "$4.00", "unit_price": "$4.00 per 100g"},
{"product_name": "Ayam San Choy Bao Sauce | 210mL", "price": "$4.00", "unit_price": "$1.90 per 100mL"},
{"product_name": "Ocean Spray Reduced Sugar Craisins | 150g", "price": "$4.00", "unit_price": "$26.67 per 1kg"},
{"product_name": "Tom Piper Vegetable Sausage | 400g", "price": "$4.00", "unit_price": "$10.00 per 1kg"},
{"product_name": "Bartons Original Piccalilli | 270g", "price": "$4.00", "unit_price": "$1.48 per 100g"},
{"product_name": "Mingle Seasoning Everything Bagel | 50g", "price": "$3.95", "unit_price": "$0.79 per 10g"},
{"product_name": "Table Of Plenty Classic Dukkah | 45g", "price": "$3.95", "unit_price": "$0.88 per 10g"},
{"product_name": "Higher Living Organic Golden Turmeric Tea | 15 pack", "price": "$3.95", "unit_price": "$0.26 per 1ea"},
{"product_name": "Cornwell's Brown Malt Vinegar | 2L", "price": "$3.90", "unit_price": "$0.20 per 100mL"},
{"product_name": "Coles I'M Free From Crunchy Crumb | 300g", "price": "$3.85", "unit_price": "$0.13 per 10g"},
{"product_name": "Coles Almond Meal | 150g", "price": "$3.85", "unit_price": "$25.67 per 1kg"},
{"product_name": "Griffins Chocolate Chit Chat Biscuit | 250g", "price": "$3.80", "unit_price": "$1.52 per 100g"},
{"product_name": "Australian Organic Chicken & Vegetable Soup | 330g", "price": "$4.50", "unit_price": "$1.36 per 100g"},
{"product_name": "Coles 90 Calorie Fibre Bakes Peanut Butter 5 Pack | 120g", "price": "$4.50", "unit_price": "$3.75 per 100g"},
{"product_name": "Coles Bran Flakes With Sultanas | 580g", "price": "$4.50", "unit_price": "$0.78 per 100g"},
{"product_name": "Coles 90 Calorie Fibre Bakes Choc Brownie | 120g", "price": "$4.50", "unit_price": "$3.75 per 100g"},
{"product_name": "Coles Premium Raisin Medley | 375g", "price": "$4.50", "unit_price": "$1.20 per 100g"},
{"product_name": "Tandaco Tomato Lasagne Casserole Sauce Mix One Pan Dinner | 200g", "price": "$4.50", "unit_price": "$2.25 per 100g"},
{"product_name": "Coles Urban Coffee Culture Organic Home Compostable Capsules | 10 pack", "price": "$4.50", "unit_price": "$0.45 per 1ea"},
{"product_name": "Arnotts Sourdough Crackers Caramelised Onion & Rosemary | 150g", "price": "$4.50", "unit_price": "$3.00 per 100g"},
{"product_name": "Squeaky Gate White Balsamic Vinegar | 250mL", "price": "$4.50", "unit_price": "$1.80 per 100mL"},
{"product_name": "Lo-fo Pantry Low Fodmap Plain Flour | 1 kg", "price": "$4.50", "unit_price": "$4.50 per 1kg"},
{"product_name": "Mingle Better Gravy Umami Mushroom | 120g", "price": "$4.40", "unit_price": "$3.67 per 100g"},
{"product_name": "Heinz Big'N Chunky Soup Ravioli With Beef & Tomato | 535g", "price": "$4.40", "unit_price": "$0.82 per 100g"},
{"product_name": "Hemp Foods Protein Boost Seed Mix | 200g", "price": "$4.40", "unit_price": "$2.20 per 100g"},
{"product_name": "Tom & Luke Snackaballs Dark Choc Mint | 132g", "price": "$4.40", "unit_price": "$3.33 per 100g"},
{"product_name": "Keep It Cleaner Primavera Pasta Sauce | 500g", "price": "$4.40", "unit_price": "$0.88 per 100g"},
{"product_name": "MasterFoods Lemon Pepper Seasoning No Added Salt | 50g", "price": "$4.30", "unit_price": "$0.86 per 10g"},
{"product_name": "Spam Ham with Real Bacon | 340g", "price": "$5.00", "unit_price": "$14.71 per 1kg"},
{"product_name": "Well & Good Easy Meal Thai Green Curry With Low Gi Rice | 120g", "price": "$5.00", "unit_price": "$4.17 per 100g"},
{"product_name": "Lord Of The Fries Mac & Cheese Classic Cheddar | 150g", "price": "$5.00", "unit_price": "$3.33 per 100g"},
{"product_name": "Wang Teriyaki Udon Original Bowl | 219g", "price": "$5.00", "unit_price": "$2.28 per 100g"},
{"product_name": "Coles Wellness Road Dietary Fibre Blend | 500g", "price": "$5.00", "unit_price": "$1.00 per 100g"},
{"product_name": "Byron Bay Chilli Co. Smoky Chipotle Hot Sauce | 150mL", "price": "$5.00", "unit_price": "$3.33 per 100mL"},
{"product_name": "Byron Bay Chilli Co. Sizzling Cayenne Hot Sauce | 150mL", "price": "$5.00", "unit_price": "$3.33 per 100mL"},
{"product_name": "Byron Bay Chilli Co. Heavenly Habanero Hot Sauce | 150mL", "price": "$5.00", "unit_price": "$3.33 per 100mL"},
{"product_name": "Menz Jelichocs Choccy Milk Bottles | 130g", "price": "$5.00", "unit_price": "$3.85 per 100g"},
{"product_name": "Maggi Fusian Instant Noodles Vietnamese Beef 5 Pack | 325g", "price": "$5.00", "unit_price": "$1.54 per 100g"},
{"product_name": "Greens Mini Lemon Cheesecake | 275g", "price": "$5.00", "unit_price": "$1.82 per 100g"},
{"product_name": "Ceres Organics Organic Ground Flaxseed | 250g", "price": "$5.00", "unit_price": "$2.00 per 100g"},
{"product_name": "Hellmann's Garlic Aioli | 252g", "price": "$5.00", "unit_price": "$1.98 per 100g"},
{"product_name": "Marion's Kitchen Red Curry Paste | 190g", "price": "$5.00", "unit_price": "$2.63 per 100g"},
{"product_name": "Marion's Kitchen Green Curry Paste | 190g", "price": "$5.00", "unit_price": "$2.63 per 100g"},
{"product_name": "Lotus Peak Bubble Tea Taro | 490mL", "price": "$5.00", "unit_price": "$1.02 per 100mL"},
{"product_name": "Old El Paso Green Jalapenos | 250g", "price": "$6.00", "unit_price": "$2.40 per 100g"},
{"product_name": "Tandaco Prepared Suet Mix | 250g", "price": "$6.00", "unit_price": "$2.40 per 100g"},
{"product_name": "SPC Canned Ham Sauce 4 Pack | 880g", "price": "$6.00", "unit_price": "$6.82 per 1kg"},
{"product_name": "SPC Canned Bbq Sauce 4 Pack | 880g", "price": "$6.00", "unit_price": "$6.82 per 1kg"},
{"product_name": "Roll'D Nuoc Mam Sauce | 375mL", "price": "$6.00", "unit_price": "$1.60 per 100mL"},
{"product_name": "Queen Victoria English Breakfast Loose Leaf Tea | 125g", "price": "$6.00", "unit_price": "$4.80 per 100g"},
{"product_name": "Olympian Olive Oil Rusk | 260g", "price": "$6.00", "unit_price": "$2.31 per 100g"},
{"product_name": "Dollar Sweets Edible Glitter Gold Spray | 4g", "price": "$6.00", "unit_price": "$150.00 per 100g"},
{"product_name": "Coles Bake & Create Caramel Dulce De Leche | 430g", "price": "$6.00", "unit_price": "$1.40 per 100g"},
{"product_name": "Protein Punch BBQ Flavour | 40g", "price": "$6.00", "unit_price": "$15.00 per 100g"},
{"product_name": "Protein Punch Original Flavour | 40g", "price": "$6.00", "unit_price": "$15.00 per 100g"},
{"product_name": "Dollar Sweets Treasure Toppings | 145g", "price": "$6.00", "unit_price": "$4.14 per 100g"},
{"product_name": "Street Kitchen Thai Yellow Curry | 285g", "price": "$5.90", "unit_price": "$2.07 per 100g"},
{"product_name": "Street Kitchen Thai Green Curry | 285g", "price": "$5.90", "unit_price": "$2.07 per 100g"},
{"product_name": "Olympian Biscota With Cocoa | 250g", "price": "$5.90", "unit_price": "$2.36 per 100g"},
{"product_name": "Fodmapped Gluten Free Butter Chicken Simmer Sauce | 200g", "price": "$5.90", "unit_price": "$2.95 per 100g"},
{"product_name": "Vittoria Mountain Grown Blend Coffee Bags | 20 pack", "price": "$7.50", "unit_price": "$0.38 per 1ea"},
{"product_name": "Wellness Road Organic Spelt Wholemeal Flour | 750g", "price": "$7.50", "unit_price": "$10.00 per 1kg"},
{"product_name": "All Gold Tomato Sauce | 500mL", "price": "$7.35", "unit_price": "$1.47 per 100mL"},
{"product_name": "Natvia Hazelnut Spread | 350g", "price": "$7.20", "unit_price": "$2.06 per 100g"},
{"product_name": "Queen Finest Vanilla Pure Extract Madagascar | 50mL", "price": "$7.10", "unit_price": "$1.42 per 10mL"},
{"product_name": "Betty Crocker Apple & Cinnamon Muffin Mix Low Fat | 500g", "price": "$7.00", "unit_price": "$1.40 per 100g"},
{"product_name": "Whole Earth Blue Agave Sweetner Classic | 330g", "price": "$7.00", "unit_price": "$2.12 per 100g"},
{"product_name": "Health Lab Birthday Cake Custar Filled Balls 3x40g | 120g", "price": "$7.00", "unit_price": "$5.83 per 100g"},
{"product_name": "Campbells Bone Broth Turmeric & Ginger | 500mL", "price": "$7.00", "unit_price": "$1.40 per 100mL"},
{"product_name": "Julianne's Kitchen Quince And Orange Paste | 100g", "price": "$7.00", "unit_price": "$7.00 per 100g"},
{"product_name": "Musashi Protein Choc Block Salted Caramel | 120g", "price": "$7.00", "unit_price": "$5.83 per 100g"},
{"product_name": "Ceres Organics Organic LSA + P | 250g", "price": "$7.00", "unit_price": "$2.80 per 100g"},
{"product_name": "Red Tractor Wheat Free Muesli Nuts & Seeds | 500g", "price": "$7.00", "unit_price": "$1.40 per 100g"},
{"product_name": "Arkadia 99% Sugar Free Honey & Ginger Chai Tea | 200g", "price": "$7.00", "unit_price": "$3.50 per 100g"},
{"product_name": "Greens Gaytime Blondie Brownie Mix | 555g", "price": "$7.00", "unit_price": "$1.26 per 100g"},
{"product_name": "Coles Bom Liquid Breakfast Vanilla Flavoured 6x250mL | 1.5L", "price": "$7.00", "unit_price": "$4.67 per 1L"},
{"product_name": "Health Lab Caramel Peanut Milk Chocolate Bars | 160g", "price": "$10.00", "unit_price": "$6.25 per 100g"},
{"product_name": "Wellness Road Organic Spirulina Powder | 100g", "price": "$10.00", "unit_price": "$10.00 per 100g"},
{"product_name": "Coles Hazelnut Meal | 350g", "price": "$10.00", "unit_price": "$28.57 per 1kg"},
{"product_name": "Vittoria Espresso Coffee Beans | 500g", "price": "$10.00", "unit_price": "$2.00 per 100g"},
{"product_name": "Polastrini Sardines Olive Oil | 100g", "price": "$9.90", "unit_price": "$99.00 per 1kg"},
{"product_name": "Gaganis Premium Sesame Seeds | 1kg", "price": "$9.60", "unit_price": "$0.96 per 100g"},
{"product_name": "Sunbeam Australian Nuts Almond Meal | 350g", "price": "$9.60", "unit_price": "$27.43 per 1kg"},
{"product_name": "Bisto Chicken Flavour Gravy Granules | 170g", "price": "$9.50", "unit_price": "$5.59 per 100g"},
{"product_name": "Coles Natures Kitchen Cheese Style Nutritional Yeast Seasoning | 100g", "price": "$9.00", "unit_price": "$9.00 per 100g"},
{"product_name": "Chatime Peach Iced Bubble Tea | 4 pack", "price": "$9.00", "unit_price": "$2.25 per 1ea"},
{"product_name": "Ceres Organics Organic LSA With Probiotics | 200g", "price": "$9.00", "unit_price": "$4.50 per 100g"},
{"product_name": "Maggie Beer Natural Vegetable Stock | 1L", "price": "$9.00", "unit_price": "$0.90 per 100mL"},
{"product_name": "Plenty Cold Pressed Walnut Oil | 375mL", "price": "$9.00", "unit_price": "$2.40 per 100mL"},
{"product_name": "Wellness Road Faba Bean Protein Powder | 300g", "price": "$9.00", "unit_price": "$3.00 per 100g"},
{"product_name": "Red Tractor Hemp Meal | 300g", "price": "$9.00", "unit_price": "$3.00 per 100g"},
{"product_name": "Noshu Low Carb Dark Chocolate Orange & Almond Nut Bar | 150g", "price": "$8.90", "unit_price": "$5.93 per 100g"},
{"product_name": "Nature's Way Slim Right Strawberry Powder | 500g", "price": "$21.00", "unit_price": "$4.20 per 100g"},
{"product_name": "Lavazza Qualita Oro Medium Roast Smooth Coffee Beans | 500g", "price": "$20.00", "unit_price": "$4.00 per 100g"},
{"product_name": "Cobram Ultra Premium Picual Medium Olive Oil | 500mL", "price": "$20.00", "unit_price": "$4.00 per 100mL"},
{"product_name": "Macro Mike Triple Chocolate Chunk Cookie Baking Mix | 250g", "price": "$20.00", "unit_price": "$8.00 per 100g"},
{"product_name": "Coles Spinach And Ricotta Ravioli | approx 100g", "price": "$2.00", "unit_price": "$20.00 per 1kg"},
{"product_name": "Queen Vic Concentrated Vanilla Extract W Seeds | 100mL", "price": "$19.90", "unit_price": "$1.99 per 10mL"},
{"product_name": "Siena Anchovy Fillets | 560g", "price": "$19.30", "unit_price": "$34.46 per 1kg"},
{"product_name": "Coco Earth Almond Flour | 700g", "price": "$19.00", "unit_price": "$27.14 per 1kg"},
{"product_name": "Vittoria Freeze Dried Italian Instant Coffee | 400g", "price": "$18.00", "unit_price": "$4.50 per 100g"},
{"product_name": "Vittoria Freeze Dried Mountain Grown Instant Coffee | 400g", "price": "$18.00", "unit_price": "$4.50 per 100g"},
{"product_name": "Moro Tradicional Olive Oil | 1L", "price": "$18.00", "unit_price": "$1.80 per 100mL"},
{"product_name": "Laucke Multigrain Bread Mix | 5kg", "price": "$17.00", "unit_price": "$3.40 per 1kg"},
{"product_name": "BSc Bodyscience Leanest Low Carb Protein Bar Caramel Toffee Value Pack 7x30g | 210g", "price": "$17.00", "unit_price": "$8.10 per 100g"},
{"product_name": "Atkins Low Carb Caramel Chocolate Nut Roll Bars 5 Pack | 220g", "price": "$17.00", "unit_price": "$7.73 per 100g"},
{"product_name": "BSc Bodyscience Leanest Low Carb Protein Bar Choc Berry Ripple Value Pack 7x30g | 210g", "price": "$17.00", "unit_price": "$8.10 per 100g"},
{"product_name": "Kapai Puku Gut Health Original Seed | 450g", "price": "$17.00", "unit_price": "$3.78 per 100g"},
{"product_name": "Jack Link's Snack Stick Original | 20g", "price": "$2.00", "unit_price": "$10.00 per 100g"},
{"product_name": "Coles Organic Lasagne Sheets | 250g", "price": "$2.00", "unit_price": "$0.80 per 100g"},
{"product_name": "Mingle Seasoning Butter Chicken | 30g", "price": "$1.95", "unit_price": "$0.65 per 10g"},
{"product_name": "Countree Sliced Beetroot In Light Syrup | 420g", "price": "$1.90", "unit_price": "$4.52 per 1kg"},
{"product_name": "McKenzie's Arrowroot | 175g", "price": "$1.90", "unit_price": "$1.09 per 100g"},
{"product_name": "Pattu Fenugreek Seeds | 100g", "price": "$1.85", "unit_price": "$0.19 per 10g"},
{"product_name": "Continental Beef Stroganoff Recipe Base Serves 4 | 40g", "price": "$1.80", "unit_price": "$4.50 per 100g"},
{"product_name": "Continental Curried Sausages Recipe Base Serves 4 | 35g", "price": "$1.80", "unit_price": "$5.14 per 100g"},
{"product_name": "Continental Creamy Tuna Mornay Recipe Base Serves 4 | 30g", "price": "$1.80", "unit_price": "$6.00 per 100g"},
{"product_name": "Raro Sweet Navel Orange Flavoured Beverage Mix | 80g", "price": "$1.80", "unit_price": "$2.25 per 100g"},
{"product_name": "Maggi Air Fryer Herbed Roast Potatoes | 25g", "price": "$1.80", "unit_price": "$7.20 per 100g"},
{"product_name": "McCormick Sour Cream N Herb Mash | 40g", "price": "$1.80", "unit_price": "$4.50 per 100g"},
{"product_name": "Parle Premium Rusks | 200g", "price": "$1.80", "unit_price": "$0.90 per 100g"},
{"product_name": "Maggi Gluten Free Recipe Bases Lamb Ragout | 37g", "price": "$1.75", "unit_price": "$4.73 per 100g"},
{"product_name": "Maggi Side Dishes Cheesy Cauliflower Bake Gluten Free | 30g", "price": "$1.75", "unit_price": "$5.83 per 100g"},
{"product_name": "Well Naturally No Sugar Added Dark Chocolate Bar Almond Chip | 45g", "price": "$1.57", "unit_price": "$3.49 per 100g"},
{"product_name": "Mckenzie's Egg Replacer | 70g", "price": "$3.25", "unit_price": "$4.64 per 100g"},
{"product_name": "Tuckers Natural Artisan Crackers Truffle Parmesan | 100g", "price": "$3.20", "unit_price": "$3.20 per 100g"},
{"product_name": "Queen Colour & Flavour For Icing Salted Caramel | 40g", "price": "$3.20", "unit_price": "$8.00 per 100g"},
{"product_name": "Queen Colour & Flavour For Icing Strawberry & Cream | 40g", "price": "$3.20", "unit_price": "$8.00 per 100g"},
{"product_name": "Tuckers Natural Artisan Crackers Caramelised Onion | 100g", "price": "$3.20", "unit_price": "$3.20 per 100g"},
{"product_name": "Karma Bites Popped Lotus Seeds Peri Peri | 25g", "price": "$3.20", "unit_price": "$12.80 per 100g"},
{"product_name": "Always Fresh Crackers Kalamata Olive | 100g", "price": "$3.15", "unit_price": "$3.15 per 100g"},
{"product_name": "Ajishima Freeze Dried Miso Soup With Bean Curd | 12g", "price": "$3.10", "unit_price": "$2.58 per 10g"},
{"product_name": "Spliits Squares Crackers Beetroot | 70g", "price": "$3.00", "unit_price": "$4.29 per 100g"},
{"product_name": "Masterfoods Sweet Thai Style Chicken Noodles Recipe Base | 175g", "price": "$3.00", "unit_price": "$1.71 per 100g"},
{"product_name": "Dolmio Pasta Sauce 7 Veg Chilli | 500g", "price": "$3.00", "unit_price": "$0.60 per 100g"},
{"product_name": "In A Biskit Flavoured Crackers Loaded Cheese | 160g", "price": "$3.00", "unit_price": "$1.88 per 100g"},
{"product_name": "MasterFoods Mild Chicken Seasoning | 49g", "price": "$3.00", "unit_price": "$0.61 per 10g"},
{"product_name": "MasterFoods Country Beef Casserole Recipe Base | 175g", "price": "$3.00", "unit_price": "$1.71 per 100g"},
{"product_name": "Sweet William Dairy Free No Added Sugar Vegan Mylk Chocolate Bar | 50g", "price": "$3.00", "unit_price": "$6.00 per 100g"},
{"product_name": "Coles Perform Vanilla Plant Protein Powder | 35g", "price": "$3.00", "unit_price": "$8.57 per 100g"},
{"product_name": "Coles Premium Bearnaise Sauce | 200mL", "price": "$4.00", "unit_price": "$2.00 per 100mL"},
{"product_name": "Supa Snax Nut Deluxe | 200g", "price": "$4.00", "unit_price": "$20.00 per 1kg"},
{"product_name": "Coles Premium Vegan Gravy | 200mL", "price": "$4.00", "unit_price": "$2.00 per 100mL"},
{"product_name": "Coles Premium Caramelised Onion Jus | 200mL", "price": "$4.00", "unit_price": "$2.00 per 100mL"},
{"product_name": "Ayam Thai Fried Rice Paste | 185g", "price": "$4.00", "unit_price": "$2.16 per 100g"},
{"product_name": "CSR Muscovado Sugar | 250g", "price": "$4.00", "unit_price": "$1.60 per 100g"},
{"product_name": "Maggi Bowl Meals Smoky BBQ Bowl | 150g", "price": "$3.99", "unit_price": "$2.66 per 100g"},
{"product_name": "Mingle Seasoning Holy Moly Guacamole | 50g", "price": "$3.95", "unit_price": "$0.88 per 10g"},
{"product_name": "Higher Living Sweet Chai | 15 pack", "price": "$3.95", "unit_price": "$0.26 per 1ea"},
{"product_name": "Ollies Kitchen Gnocchi Pumpkin | 500g", "price": "$3.95", "unit_price": "$0.79 per 100g"},
{"product_name": "Sandhurst Australian Pitted Kalamata Olives | 300g", "price": "$3.90", "unit_price": "$13.00 per 1kg"},
{"product_name": "The Spice Tailor Korma Curry Paste | 125g", "price": "$3.80", "unit_price": "$3.04 per 100g"},
{"product_name": "John West Olive Oil Blend Tuna Slices | 125g", "price": "$3.80", "unit_price": "$30.40 per 1kg"},
{"product_name": "Jarrah After Dark Vanilla Latte Affogato | 6 pack", "price": "$3.75", "unit_price": "$0.63 per 1ea"},
{"product_name": "Divella Potato Gnocchi Di Patate | 500g", "price": "$3.70", "unit_price": "$0.74 per 100g"},
{"product_name": "Sunrice Crunch'Ems BBQ | 120g", "price": "$3.60", "unit_price": "$3.00 per 100g"},
{"product_name": "Jade Phoenix Shitake Mushrooms Whole | 50g", "price": "$4.50", "unit_price": "$0.90 per 10kg"},
{"product_name": "Toobs Snacks 5 Pack | 65g", "price": "$4.50", "unit_price": "$6.92 per 100g"},
{"product_name": "Table Of Plenty Grazing Poppers Crackers Cheddar Cheese | 60g", "price": "$4.50", "unit_price": "$7.50 per 100g"},
{"product_name": "Pana Organic Dark Choc Hazelnut Snack Bar | 40g", "price": "$4.50", "unit_price": "$11.25 per 100g"},
{"product_name": "Pana Organic Dark Choc Peanut Caramel Snack Bar | 40g", "price": "$4.50", "unit_price": "$11.25 per 100g"},
{"product_name": "Australian Organic Roast Pumpkin & Sweet Potato Soup | 330g", "price": "$4.50", "unit_price": "$1.36 per 100g"},
{"product_name": "Atkins Low Carb Bar Fudge Caramel | 50g", "price": "$4.50", "unit_price": "$9.00 per 100g"},
{"product_name": "Atkins Low Carb Bar Chocolate Decadence | 50g", "price": "$4.50", "unit_price": "$9.00 per 100g"},
{"product_name": "Goulburn Valley Orchard Splash Pears | 320g", "price": "$4.50", "unit_price": "$14.06 per 1kg"},
{"product_name": "Goulburn Valley Orchard Splash Peaches | 320g", "price": "$4.50", "unit_price": "$14.06 per 1kg"},
{"product_name": "Coles Premium Beef Stock | 500mL", "price": "$4.50", "unit_price": "$0.90 per 100mL"},
{"product_name": "Coles Blanched Hazelnuts | 150g", "price": "$4.50", "unit_price": "$30.00 per 1kg"},
{"product_name": "Paul Newman's Own Bolognese Pasta Sauce | 680g", "price": null, "unit_price": null},
{"product_name": "Goulburn Valley Two Fruits In Juice 2x170g | 2 pack", "price": "$4.50", "unit_price": "$13.24 per 1kg"},
{"product_name": "Heinz Soup Of The Day Pea & Ham Soup Pouch | 430g", "price": "$4.50", "unit_price": "$1.05 per 100g"},
{"product_name": "Heinz Soup Of The Day Thai Style Chicken Soup | 430g", "price": "$4.50", "unit_price": "$1.05 per 100g"},
{"product_name": "Higher Living Organic Rooibos Caramel | 40 pack", "price": "$5.50", "unit_price": "$0.14 per 1ea"},
{"product_name": "180 Degrees Artisan Crackers Seeds | 120g", "price": "$5.50", "unit_price": "$4.58 per 100g"},
{"product_name": "Sunbeam Australian Nuts Blanched Almonds | 120g", "price": "$5.50", "unit_price": "$45.83 per 1kg"},
{"product_name": "Nibblish Gently Baked Strawberry | 80g", "price": "$5.50", "unit_price": "$6.88 per 100g"},
{"product_name": "Praise Goodness Whole Egg Mayo | 250mL", "price": "$5.50", "unit_price": "$2.20 per 100mL"},
{"product_name": "Red Tractor Pumpkin & Sunflower Seed Meal | 300g", "price": "$5.50", "unit_price": "$1.83 per 100g"},
{"product_name": "OB Finest Sour Dough Crispbread Wholemeal | 110g", "price": "$5.50", "unit_price": "$5.00 per 100g"},
{"product_name": "Coles I'M Free From Clusters Apple Cinnamon | 350g", "price": "$5.50", "unit_price": "$1.57 per 100g"},
{"product_name": "Natvia No Added Sugar Maple Syrup | 250mL", "price": "$5.50", "unit_price": "$2.20 per 100g"},
{"product_name": "OB Finest Mango Fruit Paste | 100g", "price": "$5.50", "unit_price": "$5.50 per 100g"},
{"product_name": "Moro Sherry Vinegar | 250mL", "price": "$5.50", "unit_price": "$2.20 per 100mL"},
{"product_name": "Cucina Matese Fusilloni No.120 Italian Pasta | 500g", "price": "$5.50", "unit_price": "$1.10 per 100g"},
{"product_name": "Patak's Rogan Josh Simmer Sauce Medium | 450g", "price": "$5.50", "unit_price": "$1.22 per 100g"},
{"product_name": "Always Fresh  Flat Anchovies In Olive Oil | 100g", "price": "$5.50", "unit_price": "$55.00 per 1kg"},
{"product_name": "Nature One Dairy A2 Milk Protein Vanilla Custard | 1L", "price": "$5.25", "unit_price": "$0.53 per 100mL"},
{"product_name": "Dollar Sweets Edible Gold Leaf | 2 each", "price": "$5.25", "unit_price": "$2.63 per 1ea"},
{"product_name": "Moro Extra Virgin Olive Oil Balsamic | 250mL", "price": "$7.00", "unit_price": "$2.80 per 100mL"},
{"product_name": "Nescafe Ristretto Ardenza Capsules 16 Pack | 16 pack", "price": "$7.00", "unit_price": "$0.44 per 1ea"},
{"product_name": "Stevia Sweet Liquid | 125mL", "price": "$6.70", "unit_price": "$5.36 per 100mL"},
{"product_name": "Anchor Verjuice Vinegar | 375mL", "price": "$6.70", "unit_price": "$1.79 per 100mL"},
{"product_name": "Mission Tortilla Triangles Jalapeno Popper | 400g", "price": "$6.60", "unit_price": "$1.65 per 100g"},
{"product_name": "Ranong Tea 3 In 1 Matcha Green Tea Latte 8 Sachets | 160g", "price": "$6.60", "unit_price": "$4.13 per 100g"},
{"product_name": "Noshu Less Sugar Bites:White Chocolate Raspberry | 100g", "price": "$6.50", "unit_price": "$6.50 per 100g"},
{"product_name": "Queen Natural Dark Choc Flavouring Paste | 100g", "price": "$6.50", "unit_price": "$6.50 per 100g"},
{"product_name": "Queen Natural Vanilla Paste | 80g", "price": "$6.50", "unit_price": "$0.81 per 10mL"},
{"product_name": "Queen Natural Choc Flavouring Paste White | 100g", "price": "$6.50", "unit_price": "$6.50 per 100g"},
{"product_name": "Walkers Assorted Shortbread | 250g", "price": null, "unit_price": null},
{"product_name": "Splenda Granular Sweetener | 120g", "price": "$6.50", "unit_price": "$5.42 per 100g"},
{"product_name": "Dilmah Wild Island Coriander With Cinnamon & Peppermint Refresh Blend | 20 pack", "price": "$6.50", "unit_price": "$0.33 per 1ea"},
{"product_name": "Coles Urban Coffee Culture Dolce Gusto Americano Capsules | 16 pack", "price": "$6.50", "unit_price": "$0.41 per 1ea"},
{"product_name": "Grinders Coffee Caffitaly Coffee Capsules Espresso | 10 pack", "price": "$6.40", "unit_price": "$0.64 per 1ea"},
{"product_name": "Ottogi Cooked Rice Original | 210g", "price": "$6.35", "unit_price": "$3.02 per 100g"},
{"product_name": "Twinings Live Well Defense Tea Bags | 20 pack", "price": "$8.50", "unit_price": "$0.43 per 1ea"},
{"product_name": "Twinings Live Well Digest Tea Bags | 22 pack", "price": "$8.50", "unit_price": "$0.39 per 1ea"},
{"product_name": "Twinings Live Well Revive Tea Bags | 20 pack", "price": "$8.50", "unit_price": "$0.43 per 1ea"},
{"product_name": "Vitawerx Milk Chocolate Plain Bar | 100g", "price": "$8.50", "unit_price": "$8.50 per 100g"},
{"product_name": "Queen Ready To Roll Icing 5pk | 625g", "price": "$8.50", "unit_price": "$1.36 per 100g"},
{"product_name": "Pana Organic Chocolate Chips White | 135g", "price": "$8.00", "unit_price": "$5.93 per 100g"},
{"product_name": "Pana Organic Chocolate Chips Mylk | 135g", "price": "$8.00", "unit_price": "$5.93 per 100g"},
{"product_name": "Coles Finest Italian Grissini With Black Olive | 200g", "price": "$8.00", "unit_price": "$4.00 per 100g"},
{"product_name": "Knorr Aromat Canister | 200g", "price": "$8.00", "unit_price": "$4.00 per 100g"},
{"product_name": "Red Tractor Wheat Free Oat Sachets Raspberry 8x40g | 320g", "price": "$7.90", "unit_price": "$2.47 per 100g"},
{"product_name": "Kezs Kitchen Gluten Free Vanilla Bean Cookies & Cream | 180g", "price": "$7.70", "unit_price": "$4.28 per 100g"},
{"product_name": "Othersky Sweeping Plains Nespresso Compatible Capsules | 10 pack", "price": "$7.50", "unit_price": null},
{"product_name": "Othersky Red Desert Nespresso Compatible Capsules | 10 pack", "price": "$7.50", "unit_price": "$0.75 per 1ea"},
{"product_name": "Tom & Luke Snackaballs Zesty Lemon | 224g", "price": "$7.50", "unit_price": "$3.35 per 100g"},
{"product_name": "Chai Lords Outback Chai Liquid | 350mL", "price": "$7.50", "unit_price": null},
{"product_name": "St Remio Premium Instant Sugar Free Cappuccino Sachets | 8 pack", "price": "$7.50", "unit_price": "$0.94 per 1ea"},
{"product_name": "Maggie Beer Natural Chicken Free Range Broth | 500mL", "price": "$8.50", "unit_price": "$1.70 per 100mL"},
{"product_name": "Carman's Granola Grain Free Almond Macadamia Cashew & Pecan | 400g", "price": "$16.00", "unit_price": "$4.00 per 100g"},
{"product_name": "Beechworth Honey 100% Pure Australian Honey Jar | 950g", "price": "$16.00", "unit_price": "$1.68 per 100g"},
{"product_name": "Atkins Low Carb Endulge Bar Chocolate Coconut 5x40g | 200g", "price": "$15.00", "unit_price": "$7.50 per 100g"},
{"product_name": "Morlife Certified Organic Beetroot Powder | 150g", "price": "$15.00", "unit_price": "$10.00 per 100g"},
{"product_name": "Atkins Low Carb Endulge Bar Cherry Coconut 5x34g | 170g", "price": "$15.00", "unit_price": "$8.82 per 100g"},
{"product_name": "Dilmah 85 Reserve Earl Grey & Vanilla Tin | 20 pack", "price": "$14.00", "unit_price": "$0.70 per 1ea"},
{"product_name": "Umamipapi Chilli Oil Original | 225g", "price": "$14.00", "unit_price": "$6.22 per 100g"},
{"product_name": "Red Tractor Psyllium & Flax Meal Digestive Powder | 450g", "price": "$14.00", "unit_price": "$3.11 per 100g"},
{"product_name": "Symintons Dandelion Instant Herbal Tea | 250g", "price": "$13.20", "unit_price": "$5.28 per 100g"},
{"product_name": "Musashi Protein Wafer Chocolate 4x40g | 160g", "price": "$13.00", "unit_price": "$8.13 per 100g"},
{"product_name": "Equal Sweetener Tablets Refill | 500 pack", "price": "$12.95", "unit_price": "$2.59 per 100ea"},
{"product_name": "Lavazza Dek Decaffeinated A Modo Mio Coffee Pods | 16 pack", "price": "$12.50", "unit_price": "$0.78 per 1ea"},
{"product_name": "Protea Foods Lekker Peri Peri Biltong Slices | 100g", "price": "$12.00", "unit_price": "$12.00 per 100g"},
{"product_name": "Whittaker's Chocolate Artisan Squares | 189g", "price": "$12.00", "unit_price": "$6.35 per 100g"},
{"product_name": "Daley Street Q-graders Batch Cremorne Ground Coffee | 250g", "price": "$12.00", "unit_price": "$4.80 per 100g"},
{"product_name": "Cornish Sea Salt Crystals | 400g", "price": "$12.00", "unit_price": "$0.30 per 10g"},
{"product_name": "Jinmailang Emperor Spicy Pork Bowl Noodles | 123g", "price": "$1.75", "unit_price": "$1.42 per 100g"},
{"product_name": "Hart & Soul Soup Wonton Cup | 100g", "price": "$1.50", "unit_price": "$1.50 per 100g"},
{"product_name": "Hbs Beancurd BBQ | 95g", "price": "$1.45", "unit_price": "$1.53 per 100g"},
{"product_name": "HBS Five Spice Beancurd | 95g", "price": "$1.45", "unit_price": "$1.53 per 100g"},
{"product_name": "Hbs Beancurd Ma-La | 95g", "price": "$1.45", "unit_price": "$1.53 per 100g"},
{"product_name": "Napolina Chopped Tomatoes | 400g", "price": "$1.40", "unit_price": "$3.50 per 1kg"},
{"product_name": "Lifesavers Blackcurrant Pastilles Single Roll | 34g", "price": "$1.25", "unit_price": "$3.68 per 100g"},
{"product_name": "Diwali Clay Diyas | 9 pack", "price": "$1.20", "unit_price": "$0.13 per 1ea"},
{"product_name": "Nestle KitKat Milkybar White Chocolate Bar | 45g", "price": "$1.10", "unit_price": "$2.44 per 100g"},
{"product_name": "Candy Cane Peppermint 30 Pack | 225g", "price": null, "unit_price": null},
{"product_name": "Candy Cane Peppermint 10 Pack | 125g", "price": null, "unit_price": null},
{"product_name": "Cobram Estate Extra Virgin Olive Oil Classic | 3L", "price": "$52.00", "unit_price": "$1.73 per 100mL"},
{"product_name": "Vital Strength Sport Performance Protein Powder Chocolate | 630g", "price": "$52.00", "unit_price": "$8.25 per 100g"},
{"product_name": "Dose & Co. Marine Collagen Powder Unflavoured | 200g", "price": "$52.00", "unit_price": "$26.00 per 100g"},
{"product_name": "Rapid Loss High Protein Meal Replacement Vanilla | 672g", "price": "$50.00", "unit_price": "$7.44 per 100g"},
{"product_name": "Othersky Southern Lights Coffee Beans | 1kg", "price": "$45.00", "unit_price": null},
{"product_name": "Coles Perform Peanut Butter & Chocolate Chip Whey Protein Bar | 40g", "price": "$2.80", "unit_price": "$7.00 per 100g"},
{"product_name": "Coles Perform Plant Protein Bar Choc Hazelnut | 40g", "price": "$2.80", "unit_price": "$7.00 per 100g"},
{"product_name": "Natvia Baking Chocolate Block Milk | 100g", "price": "$2.80", "unit_price": "$2.80 per 100g"},
{"product_name": "Darrell Lea Gingerbread Milk Chocolate Block | 160g", "price": null, "unit_price": null},
{"product_name": "Darrell Lea Cheesecake Shop Black Forest | 160g", "price": "$2.75", "unit_price": "$1.72 per 100g"},
{"product_name": "Continental Sensations Recipe Base Vietnamese Lemongrass | 34g", "price": "$2.75", "unit_price": "$8.09 per 100g"},
{"product_name": "Continental Sensations Recipe Base Malaysian Laksa Lemongrass & Turmeric | 34g", "price": "$2.75", "unit_price": "$8.09 per 100g"},
{"product_name": "Continental Sensations Recipe Base Lamb Shanks | 44g", "price": "$2.75", "unit_price": "$6.25 per 100g"},
{"product_name": "Jeeny's Palm Flavoured Sugar | 260g", "price": "$2.75", "unit_price": "$1.06 per 100g"},
{"product_name": "Continental Roasted Garlic And Herbs Cook In Bag | 40g", "price": "$2.75", "unit_price": "$6.88 per 100g"},
{"product_name": "Coles Poppy Seeds | 150g", "price": "$2.75", "unit_price": "$18.33 per 1kg"},
{"product_name": "Masterfoods Italian Herbs | 10g", "price": "$2.75", "unit_price": "$2.75 per 10g"},
{"product_name": "Calbee Pizza Potato Chips | 55g", "price": "$2.70", "unit_price": "$4.91 per 100g"},
{"product_name": "Nissin Chicken Noodle Bowl | 114g", "price": "$2.60", "unit_price": "$2.28 per 100g"},
{"product_name": "Coles Bake & Create Raspberry Candy Toppers | 80g", "price": "$2.50", "unit_price": "$3.13 per 100g"},
{"product_name": "Soothers Medicated Blackcurrant Throat Lozenges | 43g", "price": "$2.50", "unit_price": "$6.25 per 100g"},
{"product_name": "Coles Rice Puffs | 475g", "price": "$3.70", "unit_price": "$0.78 per 100g"},
{"product_name": "Chicken Tonight Classic Creamy Cheese And Bacon Flavour Simmer Sauce | 490g", "price": "$3.60", "unit_price": "$0.73 per 100g"},
{"product_name": "Sunrice Crunch'Ems Salt & Vinegar | 120g", "price": "$3.60", "unit_price": "$3.00 per 100g"},
{"product_name": "Messy Monkeys Bites Sour Cream 6X20g | 120g", "price": "$6.00", "unit_price": "$5.00 per 100g"},
{"product_name": "White Wings Choc Mousse Layer | 200g", "price": "$3.60", "unit_price": "$1.80 per 100g"},
{"product_name": "White Wings Cookies And Cream Layer | 250g", "price": "$3.60", "unit_price": "$1.44 per 100g"},
{"product_name": "Celebrate Health Butter Chicken Recipe Base | 175g", "price": "$3.50", "unit_price": "$2.00 per 100g"},
{"product_name": "Ottogi Tteak-Bokki Cup Spicy | 137g", "price": null, "unit_price": null},
{"product_name": "Ottogi Tteak-Bokki Cup Original | 137g", "price": null, "unit_price": null},
{"product_name": "Raise The Bar Dark Chocolate Peanut Butter Nutrition Bar | 45g", "price": "$3.50", "unit_price": "$7.78 per 100g"},
{"product_name": "Mayvers Crunchy Choc Chip Peanut Butter Natural Health Bar | 40g", "price": "$3.50", "unit_price": "$8.75 per 100g"},
{"product_name": "Mayvers Salted Caramel & Peanut Butter Health Bar | 40g", "price": "$3.50", "unit_price": "$8.75 per 100g"},
{"product_name": "Ritz Cracked Pepper Crackers | 227g", "price": null, "unit_price": null},
{"product_name": "Coles Finest All Butter Gouda & Edam Pinwheel Crackers | 90g", "price": "$3.50", "unit_price": "$3.89 per 100g"},
{"product_name": "Orgran Egg Replacer No Egg  | 200g", "price": "$3.50", "unit_price": "$1.75 per 100g"},
{"product_name": "Celebrate Health Recipe Base Green Thai Curry Simmer Sauce | 175g", "price": "$3.50", "unit_price": "$2.00 per 100g"},
{"product_name": "Wallaby Mini Dark Chocolate Pretzels | 100g", "price": "$4.50", "unit_price": "$4.50 per 100g"},
{"product_name": "Sun Swallow Chrysanthemum Flower | 50g", "price": "$4.50", "unit_price": "$9.00 per 100g"},
{"product_name": "GRB Ghee Bombay Halwa | 200g", "price": "$4.50", "unit_price": "$2.25 per 100g"},
{"product_name": "Ferrero Rocher Chocolate Christmas Star 3 Pack | 37.5g", "price": null, "unit_price": null},
{"product_name": "Hot Kids Want Want Rice Crackers Shelly Senbei | 150g", "price": "$4.50", "unit_price": "$3.00 per 100g"},
{"product_name": "Chiquillin Smoked Paprika | 75g", "price": "$4.45", "unit_price": "$5.93 per 100g"},
{"product_name": "Hemp Foods Antioxidant Seed Mix | 180g", "price": "$4.40", "unit_price": "$2.44 per 100g"},
{"product_name": "Hemp Foods Omega Seed Mix | 200g", "price": "$4.40", "unit_price": "$2.20 per 100g"},
{"product_name": "Sirena Vegetarian Napoli Pasta | 190g", "price": "$4.30", "unit_price": "$2.26 per 100g"},
{"product_name": "Coles Dried Cherries | 130g", "price": "$4.20", "unit_price": "$32.31 per 1kg"},
{"product_name": "Coles LSA Mix | 350g", "price": "$4.15", "unit_price": "$11.86 per 1kg"},
{"product_name": "Le Italiane Filled Candy Sicilian Lemon | 100g", "price": "$4.10", "unit_price": "$4.10 per 100g"},
{"product_name": "Wicked White Pickled Onions | 500g", "price": "$4.00", "unit_price": "$8.00 per 1kg"},
{"product_name": "Wicked Sliced Pickled Red Onions | 500g", "price": "$4.00", "unit_price": "$8.00 per 1kg"},
{"product_name": "Wicked Sweet Heat Pickle Chips Mild | 500g", "price": "$4.00", "unit_price": "$8.00 per 1kg"},
{"product_name": "Wicked Sliced Pickled Jalapenos | 500g", "price": "$4.00", "unit_price": "$8.00 per 1kg"},
{"product_name": "Pattu  Mung Beans Berken | 1kg", "price": "$5.20", "unit_price": "$0.52 per 100g"},
{"product_name": "Golden Days Fruit Salad Bites 5 Pack | 175g", "price": null, "unit_price": null},
{"product_name": "Coles Finest Artisan Lavosh Charcoal & Sesame Seed | 100g", "price": "$5.00", "unit_price": "$5.00 per 100g"},
{"product_name": "Coles Finest Artisan Lavosh Beetroot & Caramelised Onion | 100g", "price": "$5.00", "unit_price": "$5.00 per 100g"},
{"product_name": "Cadbury Sharepack Dairy Milk Santa | 144g", "price": null, "unit_price": null},
{"product_name": "Well & Good Easy Meal Mild Chilli Con Carne With Low Gi Rice | 120g", "price": "$5.00", "unit_price": "$4.17 per 100g"},
{"product_name": "Lord Of Fries Mac & Cheese Limited Edition | 150g", "price": "$5.00", "unit_price": "$3.33 per 100g"},
{"product_name": "Moreish Birthday Cake White Chocolate | 180g", "price": "$5.00", "unit_price": "$2.78 per 100g"},
{"product_name": "Rosella Classic Chilli Soup Kit | 208g", "price": "$5.00", "unit_price": "$2.40 per 100g"},
{"product_name": "S & B Golden Curry Mild Curry Sauce Mix | 92g", "price": "$5.00", "unit_price": "$5.43 per 100g"},
{"product_name": "M&M's Christmas Peanut Chocolate Red & Green Snack & Share Bag | 180g", "price": null, "unit_price": null},
{"product_name": "Coles Halloween 3D Gummy Bleeding Rose | 294g", "price": null, "unit_price": null},
{"product_name": "Campbells Real Soup Immunity Pumpkin & Turmeric | 515g", "price": "$5.00", "unit_price": "$0.97 per 100g"},
{"product_name": "Campbells Real Soup Energy Tomato Basil & Lentil | 515g", "price": "$5.00", "unit_price": "$0.97 per 100g"},
{"product_name": "Campbells Real Soup Digest Sweet Potato Carrot & Coconut | 515g", "price": "$5.00", "unit_price": "$0.97 per 100g"},
{"product_name": "Cadbury Caramilk Baubles Bag | 112g", "price": null, "unit_price": null},
{"product_name": "Passage Foods Street Kitchen Coconut Chicken Chettinad | 255g", "price": "$5.90", "unit_price": "$2.31 per 100g"},
{"product_name": "Passage Foods Street Kitchen North Indian Butter Chicken | 255g", "price": "$5.90", "unit_price": "$2.31 per 100g"},
{"product_name": "The Spice Tailor Hyderabad Red Korma | 300g", "price": "$6.20", "unit_price": "$2.07 per 100g"},
{"product_name": "Passage Foods Passage To India Sri Lanka Chicken Curry Simmer Sauce | 375g", "price": "$6.20", "unit_price": "$1.65 per 100g"},
{"product_name": "Sugarless Low Calorie Sweetener | 110 pack", "price": "$6.00", "unit_price": "$5.45 per 100ea"},
{"product_name": "Always Fresh Olives Dill And Garlic | 240g", "price": "$6.00", "unit_price": "$25.00 per 1kg"},
{"product_name": "Always Fresh Olives Chilli And Lemon | 240g", "price": "$6.00", "unit_price": "$25.00 per 1kg"},
{"product_name": "Always Fresh Green Pitted Olives | 240g", "price": "$6.00", "unit_price": "$25.00 per 1kg"},
{"product_name": "Always Fresh Kalamata Olives | 240g", "price": "$6.00", "unit_price": "$25.00 per 1kg"},
{"product_name": "Kettle Natural Potato Chips Fig & Brie | 150g", "price": "$6.00", "unit_price": "$4.00 per 100g"},
{"product_name": "Quest Tortilla Style Protein Chips Ranch | 32g", "price": "$6.00", "unit_price": "$18.75 per 100g"},
{"product_name": "Muscle Nation Vegan Baking Chocolate Block | 100g", "price": "$6.00", "unit_price": "$6.00 per 100g"},
{"product_name": "Snackify White Choc Rocky Road Mix | 5 pack", "price": "$6.00", "unit_price": "$1.20 per 1ea"},
{"product_name": "White Wings Unbelievably Good Pancake Mix | 360g", "price": "$6.00", "unit_price": "$1.67 per 100g"},
{"product_name": "O'Food Dinamite Gochujang Mega Bomb Level 5 | 300g", "price": "$6.00", "unit_price": "$2.00 per 100g"},
{"product_name": "Truvia For Baking Icing | 280g", "price": "$6.00", "unit_price": "$2.14 per 100g"},
{"product_name": "Branston Small Chunk Pickle | 360g", "price": "$7.20", "unit_price": "$20.00 per 1kg"},
{"product_name": "Danish Butter Cookies | 454g", "price": null, "unit_price": null},
{"product_name": "Betty Crocker Peanut Butter Brownie | 350g", "price": "$7.00", "unit_price": "$2.00 per 100g"},
{"product_name": "Health Lab Less Sugar Naturally Milk Choc Peanut Butter Balls 3X40G | 120g", "price": "$7.00", "unit_price": "$5.83 per 100g"},
{"product_name": "Health Lab Cookies N Cream Custard Filled Balls 3x40g | 120g", "price": "$7.00", "unit_price": "$5.83 per 100g"},
{"product_name": "Lindt Classic Vegan Salted Caramel Chocolate Block | 100g", "price": "$7.00", "unit_price": "$7.00 per 100g"},
{"product_name": "Green's Golden Gaytime Cupcakes Or Cake Bites Mix | 480g", "price": "$7.00", "unit_price": "$1.46 per 100g"},
{"product_name": "Pana Organic Dark Baking Chocolate Block | 80g", "price": "$7.00", "unit_price": "$8.75 per 100g"},
{"product_name": "Cadbury Chocolate Coated Mint & Berry Bites | 300g", "price": null, "unit_price": null},
{"product_name": "Lindt Classic Vegan Hazelnut Block Chocolate | 100g", "price": "$7.00", "unit_price": "$7.00 per 100g"},
{"product_name": "Twinings Orange Pekoe Tea Bags | 50 pack", "price": "$7.00", "unit_price": "$0.14 per 1g"},
{"product_name": "Coles Bom Liquid Breakfast Caramel Flavoured 6x250mL | 1500mL", "price": "$7.00", "unit_price": "$0.47 per 100mL"},
{"product_name": "Wellness Road Green Banana Flour For Baking | 300g", "price": "$7.00", "unit_price": "$2.33 per 100g"},
{"product_name": "Greens Gaytime Vanilla Toffee Mousse Mix | 195g", "price": "$7.00", "unit_price": "$3.59 per 100g"},
{"product_name": "Greens Gaytime Vanilla Toffee Crumb Cake Mix | 650g", "price": "$7.00", "unit_price": "$1.08 per 100g"},
{"product_name": "Starbucks Nescafe Dolce Gusto Capsules Caramel Macchiato | 12 pack", "price": "$7.00", "unit_price": "$0.58 per 1ea"},
{"product_name": "Atkins Low Carb Sea Salt Caramel Crisp Bars 5 Pack | 185g", "price": "$10.50", "unit_price": "$5.68 per 100g"},
{"product_name": "Smyths Christmas Mixture | 1kg", "price": null, "unit_price": null},
{"product_name": "Jade Phoenix Tea Tree Mushroom | 150g", "price": "$10.20", "unit_price": "$6.80 per 100g"},
{"product_name": "Health Lab Low Sugar Naturally Caramel Chocolate Peanut Butter Filled Diamonds | 150g", "price": "$10.00", "unit_price": "$6.67 per 100g"},
{"product_name": "Health Lab Low Sugar Naturally Milk Choc Peanut Butter Filled Diamonds | 150g", "price": "$10.00", "unit_price": "$6.67 per 100g"},
{"product_name": "Pascall Candy Mix | 1kg", "price": null, "unit_price": null},
{"product_name": "Star Foods Rolada Pistachio Date | 150g", "price": "$10.00", "unit_price": "$6.67 per 100g"},
{"product_name": "Star Foods Rolada Fig Walnut | 150g", "price": "$10.00", "unit_price": "$6.67 per 100g"},
{"product_name": "Delicias Quince Paste | 240g", "price": "$10.00", "unit_price": "$4.17 per 100g"},
{"product_name": "Polastrini Sardines Olive Oil And Chili | 100g", "price": "$9.90", "unit_price": "$99.00 per 1kg"},
{"product_name": "Artisan Wild Baby Figs | 150g", "price": "$9.90", "unit_price": "$66.00 per 1kg"},
{"product_name": "Sunbeam Mixed Dried Fruit | 1kg", "price": "$9.90", "unit_price": "$9.90 per 1kg"},
{"product_name": "Sunbeam Australian Nuts Slivered Almonds | 300g", "price": "$9.60", "unit_price": "$32.00 per 1kg"},
{"product_name": "Blue Frog Granola Pic'S Crunchy Peanut Butter | 350g", "price": "$9.50", "unit_price": "$2.71 per 100g"},
{"product_name": "Artisan Muscatels On Vine | 100g", "price": "$9.50", "unit_price": "$95.00 per 1kg"},
{"product_name": "Tropeaka Organic Cacao Powder | 100g", "price": "$9.00", "unit_price": "$9.00 per 100g"},
{"product_name": "Naturopathica FBX Energy & Burn 60 pack | 60 pack", "price": "$20.00", "unit_price": "$33.33 per 100ea"},
{"product_name": "Cadbury 3D Advent Calendar | 312g", "price": null, "unit_price": null},
{"product_name": "Celebrations Chocolate Champagne Gift Bottle | 320g", "price": null, "unit_price": null},
{"product_name": "Harris Strong Coffee Ground | 1kg", "price": "$19.50", "unit_price": "$1.95 per 100g"},
{"product_name": "Caffe Aurora Italian Blend Beans Coffee | 1kg", "price": "$19.00", "unit_price": "$1.90 per 100g"},
{"product_name": "Coles Perform Elite Electrolytes Powder Berry Flavour | 300g", "price": "$18.00", "unit_price": "$6.00 per 100g"},
{"product_name": "Fine Fettle Good Gut Health Veg Extra Powder | 100g", "price": "$18.00", "unit_price": "$18.00 per 100g"},
{"product_name": "Fine Fettle Eat Your Greens Veg Extra Powder | 100g", "price": "$18.00", "unit_price": "$18.00 per 100g"},
{"product_name": "Fine Fettle Immunity Boost Veg Extra Powder | 100g", "price": "$18.00", "unit_price": "$18.00 per 100g"},
{"product_name": "Lindt Christmas Collection Chocolate Pouch Bag | 414g", "price": null, "unit_price": null},
{"product_name": "Nature's Way Super Greens Boost | 100g", "price": "$18.00", "unit_price": "$18.00 per 100g"},
{"product_name": "Laucke Wholemeal Bread Mix | 5kg", "price": "$17.00", "unit_price": "$3.40 per 1kg"},
{"product_name": "BSc Bodyscience Leanest Low Carb Protein Bar Cookies & Cream Value Pack 7x30g | 210g", "price": "$17.00", "unit_price": "$8.10 per 100g"},
{"product_name": "Toblerone Milk Chocolate Crunchy Almond | 360g", "price": "$16.00", "unit_price": "$4.44 per 100g"},
{"product_name": "Morlife Certified Organic Black Maca Powder | 100g", "price": "$16.00", "unit_price": "$16.00 per 100g"},
{"product_name": "Ortiz Anchovies | 47.5g", "price": "$16.00", "unit_price": "$333.33 per 1kg"},
{"product_name": "BSc Bodyscience K-OS Pre-Workout Blue Gummies | 300g", "price": "$45.00", "unit_price": "$15.00 per 100g"},
{"product_name": "BSc Bodyscience K-OS Pre-Workout Lemon Squash | 300g", "price": "$45.00", "unit_price": "$15.00 per 100g"},
{"product_name": "BSc Bodyscience Perform & Recover Protein Powder Chocolate | 900g", "price": "$44.00", "unit_price": "$4.89 per 100g"},
{"product_name": "BSc Bodyscience Shred Protein Powder Vanilla | 800g", "price": "$44.00", "unit_price": "$5.50 per 100g"},
{"product_name": "BSc Bodyscience High Protein Powder Vanilla | 800g", "price": "$44.00", "unit_price": "$5.50 per 100g"},
{"product_name": "BSc Bodyscience High Protein Powder Chocolate | 800g", "price": "$44.00", "unit_price": "$5.50 per 100g"},
{"product_name": "Dose & Co. Pure Collagen Powder Unflavoured | 200g", "price": "$40.00", "unit_price": "$20.00 per 100g"},
{"product_name": "Dose & Co. Collagen Creamer Vanilla | 340g", "price": "$40.00", "unit_price": "$11.76 per 100g"},
{"product_name": "Muscle Nation Custard Plant Protein Powder Salted Caramel | 400g", "price": "$35.00", "unit_price": "$8.75 per 100g"},
{"product_name": "Muscle Nation Custard Casein Protein Powder Cookies & Cream | 400g", "price": "$35.00", "unit_price": "$8.75 per 100g"},
{"product_name": "Muscle Nation Protein Water + Collagen Raspberry | 300g", "price": "$35.00", "unit_price": "$11.67 per 100g"},
{"product_name": "St Ali Italo Disco Coffee Beans | 500g", "price": "$35.00", "unit_price": "$7.00 per 100g"},
{"product_name": "Emperor Custard Lava Mooncakes | 500g", "price": "$35.00", "unit_price": "$7.00 per 100g"},
{"product_name": "Coles Perform Elite Plant High Protein Powder Vanilla | 500g", "price": "$31.00", "unit_price": "$6.20 per 100g"},
{"product_name": "Muscle Nation Daily Greens Mixed Berry Protein Powder | 180g", "price": "$30.00", "unit_price": "$16.67 per 100g"},
{"product_name": "Tropeaka Superfood Greens + D | 75g", "price": "$29.00", "unit_price": "$38.67 per 100g"},
{"product_name": "Medjool Dates Medjol Date 5kg Gift Box | 1 each", "price": "$80.00", "unit_price": "$16.00 per 1kg"},
{"product_name": "Musashi Plant Protein Plant Protein Powder Vanilla Flavour | 900g", "price": "$65.00", "unit_price": "$7.22 per 100g"},
{"product_name": "Musashi Shred & Burn Protein Powder Chocolate Milkshake | 900g", "price": "$65.00", "unit_price": "$7.22 per 100g"},
{"product_name": "BSc Bodyscience Hydroxyburn Shred Neuro-Thermogenic Supper Berry | 300g", "price": "$55.00", "unit_price": "$18.33 per 100g"},
{"product_name": "Dose & Co Beauty Collagen Mixed Berry | 200g", "price": "$52.00", "unit_price": "$26.00 per 100g"},
{"product_name": "Vital Strength Whey High Protein Vanilla Powder | 720g", "price": "$52.00", "unit_price": "$7.22 per 100g"},
{"product_name": "Dose & Co. Dairy Free Creamer Vanilla | 340g", "price": "$48.30", "unit_price": "$14.21 per 100g"},
{"product_name": "Dose & Co. Collagen Protein Powder Creamy Vanilla | 420g", "price": "$46.00", "unit_price": "$10.95 per 100g"},
{"product_name": "Dose & Co. Collagen Protein Powder Chocolate Fudge | 420g", "price": "$46.00", "unit_price": "$10.95 per 100g"},
{"product_name": "Tropeaka Beauty Custard Salted Caramel | 340g", "price": "$45.00", "unit_price": "$13.24 per 100g"},
{"product_name": "Tropeaka Beauty Custard Smooth & Creamy Banana | 340g", "price": "$45.00", "unit_price": "$13.24 per 100g"},
{"product_name": "Muscle Nation Destiny Raspberry | 150g", "price": "$45.00", "unit_price": "$30.00 per 100g"},
{"product_name": "Tropeaka Skin Collagen+ Powder | 84g", "price": "$28.00", "unit_price": "$33.33 per 100g"},
{"product_name": "Macro Mike Protein Pudding Choc Peanut Butter Truffle | 240g", "price": "$28.00", "unit_price": "$11.67 per 100g"},
{"product_name": "Hong Gong Assorted Mooncake | 750g", "price": "$28.00", "unit_price": "$3.73 per 100g"},
{"product_name": "October Fifth Fruit And Tea Assorted Mooncakes | 480g", "price": "$28.00", "unit_price": "$5.83 per 100g"},
{"product_name": "Macro Mike Peanut Plant Protein Choc Peanut Butter Cup | 280g", "price": "$28.00", "unit_price": "$10.00 per 100g"},
{"product_name": "BSc Bodyscience BCAA Amino Water Super Berry | 270g", "price": "$28.00", "unit_price": "$10.37 per 100g"},
{"product_name": "Hong Gong 2 Yolk Lotus Mooncake | 750g", "price": "$28.00", "unit_price": "$3.73 per 100g"},
{"product_name": "Morlife Complete Gut Restore Tropical Mango Powder | 100g", "price": "$27.50", "unit_price": "$27.50 per 100g"},
{"product_name": "Tropeaka Vitamin C Superfoods Powder | 85g", "price": "$27.00", "unit_price": "$31.77 per 100g"},
{"product_name": "Lavazza Espresso Barista Organic Coffee Beans | 1kg", "price": "$26.40", "unit_price": "$2.64 per 100g"},
{"product_name": "Welly Instant Smoothie Mango For Revitalisation | 110g", "price": "$25.00", "unit_price": "$22.73 per 100g"},
{"product_name": "Tropeaka Pro Gut+ Powder | 84g", "price": "$25.00", "unit_price": "$29.76 per 100g"},
{"product_name": "BSc Bodyscience Pre-Workout Powder Coffee | 150g", "price": "$25.00", "unit_price": "$16.67 per 100g"},
{"product_name": "Mavella Superfoods Brain Boost Smoothie | 100g", "price": "$25.00", "unit_price": "$25.00 per 100g"},
{"product_name": "Mavella Superfoods Gut Boost | 100g", "price": "$25.00", "unit_price": "$25.00 per 100g"},
{"product_name": "Mavella Superfoods Immune Boost Smoothie | 100g", "price": "$25.00", "unit_price": "$25.00 per 100g"},
{"product_name": "Morlife Antiox Beauty Collagen Berry Delight Powder | 100g", "price": "$25.00", "unit_price": "$25.00 per 100g"},
{"product_name": "Morlife Alkalising Greens Tropical Crush Powder | 100g", "price": "$25.00", "unit_price": "$25.00 per 100g"},
{"product_name": "Easiyo Black Yoghurt Maker | 1 each", "price": "$25.00", "unit_price": "$25.00 per 1ea"},
{"product_name": "Tropeaka Organic Matcha Tea Powder | 80g", "price": "$24.00", "unit_price": "$30.00 per 100g"},
{"product_name": "Atkins Low Carb Chocolate Flavoured Shake Mix | 330g", "price": "$24.00", "unit_price": "$7.27 per 100g"},
{"product_name": "Vittoria Mountain Grown Ground Coffee | 500g", "price": "$24.00", "unit_price": "$4.80 per 100g"},
{"product_name": "Starbucks By Nespresso Colombia Nespresso Compatible Capsules | 36 pack", "price": "$22.00", "unit_price": "$0.61 per 1ea"},
{"product_name": "Coles Wellness Road Unflavoured Whey Protein Concentrate | 500g", "price": "$21.20", "unit_price": "$4.24 per 100g"},
{"product_name": "Vittoria Nespresso Compatible Capsules Variety Pack | 40 pack", "price": "$21.00", "unit_price": "$0.53 per 1ea"},
{"product_name": "Welly Kids Mango Passion Instant Smoothie | 65g", "price": "$20.00", "unit_price": "$30.77 per 100g"},
{"product_name": "Welly Kids Chocky Shake Instant Smoothie | 65g", "price": "$20.00", "unit_price": "$30.77 per 100g"},
{"product_name": "Macro Mike Healthy Protein Brownies Double Chocolate | 250g", "price": "$20.00", "unit_price": "$8.00 per 100g"},
{"product_name": "Macro Mike Banana Bread Mix Chocolate Chip | 250g", "price": "$20.00", "unit_price": "$8.00 per 100g"},
{"product_name": "Othersky Rolling Dunes Coffee Beans | 500g", "price": "$20.00", "unit_price": null},
{"product_name": "Lindt Lindor Pink Assorted Gift Box | 232g", "price": "$20.00", "unit_price": "$8.62 per 100g"},
{"product_name": "Wellness Road Acai Powder | 100g", "price": "$20.00", "unit_price": "$20.00 per 100g"},
{"product_name": "Othersky Rolling Dunes Ground Coffee | 250g", "price": "$15.00", "unit_price": "$6.00 per 100g"},
{"product_name": "Bodiez Energy + Protein Blue Raspberry Sparkling Energy Drink 4x500mL | 2L", "price": "$15.00", "unit_price": "$7.50 per 1L"},
{"product_name": "Atkins Low Carb Endulge Bars Caramelised White Chocolate 5x30g | 150g", "price": "$15.00", "unit_price": "$10.00 per 100g"},
{"product_name": "Melrose Mct Brain Power Oil | 250mL", "price": "$15.00", "unit_price": "$6.00 per 100mL"},
{"product_name": "Naturopathica Fatblaster Keto-Fit Fire | 60 each", "price": "$15.00", "unit_price": "$25.00 per 100ea"},
{"product_name": "Atkins Low Carb Endulge Bar Milk Chocolate Mint Crisp 5X30g | 150g", "price": "$15.00", "unit_price": "$10.00 per 100g"},
{"product_name": "MasterFoods Pure Saffron | 0.25g", "price": "$14.90", "unit_price": "$596.00 per 10g"},
{"product_name": "Whole Earth Baking 100% Natural Sweetener | 600g", "price": "$14.70", "unit_price": "$2.45 per 100g"},
{"product_name": "Capilano Clear Honey Squeeze | 1kg", "price": null, "unit_price": null},
{"product_name": "Tropeaka Organic Authentic Chai Powder | 100g", "price": "$14.00", "unit_price": "$14.00 per 100g"},
{"product_name": "Dilmah 85 Reserve Ceylon Green Tea & Mint Tin | 20 pack", "price": "$14.00", "unit_price": "$0.70 per 1ea"},
{"product_name": "Dilmah 85 Reserve Royal Ceylon Breakfast Tin Tea Bags | 20 pack", "price": "$14.00", "unit_price": "$0.70 per 1ea"},
{"product_name": "Guylian Chocolate Luxury Assorted Opus | 180g", "price": "$14.00", "unit_price": "$7.78 per 100g"},
{"product_name": "Equal Sweetner Sticks | 300g", "price": "$13.90", "unit_price": "$4.63 per 100g"},
{"product_name": "Honeycomb Berringa Hive & Comb | 200g", "price": "$13.45", "unit_price": "$6.73 per 100g"},
{"product_name": "Tropeaka Organic Spirulina Powder | 100g", "price": "$13.00", "unit_price": "$13.00 per 100g"},
{"product_name": "Splenda Sweetener Tablets | 500 pack", "price": "$12.70", "unit_price": "$2.54 per 100ea"},
{"product_name": "OB Finest Variety Pack | 410g", "price": "$12.00", "unit_price": "$2.93 per 100g"},
{"product_name": "Pana Organic Easter Egg Dark 70% | 110g", "price": "$12.00", "unit_price": "$10.91 per 100g"},
{"product_name": "Pana Organic Easter Egg Salted Caramel | 110g", "price": "$12.00", "unit_price": "$10.91 per 100g"},
{"product_name": "Quaranta Soft Nougat Cake Country Berries | 165g", "price": "$12.00", "unit_price": "$7.27 per 100g"},
{"product_name": "Quaranta Nougat Cakes Strawberry & Cream | 165g", "price": "$12.00", "unit_price": "$7.27 per 100g"},
{"product_name": "Lindt Santa Boot | 90g", "price": null, "unit_price": null},
{"product_name": "Beechworth Bee Cause 100% Australian Bush Honey Squeeze | 700g", "price": null, "unit_price": null},
{"product_name": "Bubbleme Bubble Tea Kit Royal Black Tea | 345g", "price": "$11.50", "unit_price": "$3.33 per 100g"},
{"product_name": "Soul Seed Hemp | 250g", "price": "$11.50", "unit_price": "$4.60 per 100g"},
{"product_name": "MTR Badam Drink 180mL | 6 pack", "price": "$11.40", "unit_price": "$10.56 per 1L"},
{"product_name": "Cinnamon Toast Crunch Cereal | 340g", "price": "$11.00", "unit_price": "$3.24 per 100g"},
{"product_name": "Queen Victoria Vanilla Chai Tea Bags | 100 pack", "price": "$11.00", "unit_price": "$0.11 per 1ea"},
{"product_name": "Cadbury Joyville Truck | 275g", "price": null, "unit_price": null},
{"product_name": "Oxfam Fair Ethiopia Blend Ground Coffee | 250g", "price": "$10.85", "unit_price": "$4.34 per 100g"},
{"product_name": "Atkins Low Carb Cappucino Nut Bars 185g | 5 pack", "price": "$10.50", "unit_price": "$5.68 per 100g"},
{"product_name": "Hubbards Be Mighty Granola Wild Berry | 450g", "price": "$9.00", "unit_price": "$2.00 per 100g"},
{"product_name": "Hubbards Be Mighty Granola Nutty | 450g", "price": "$9.00", "unit_price": "$2.00 per 100g"},
{"product_name": "Hubbards Be Mighty Granola Vanilla Crumble | 450g", "price": "$9.00", "unit_price": "$2.00 per 100g"},
{"product_name": "Maggie Beer Chicken & White Wine Stock | 1L", "price": "$9.00", "unit_price": "$0.90 per 100mL"},
{"product_name": "Plenty Cold Pressed Macadamia Oil | 375mL", "price": "$9.00", "unit_price": "$2.40 per 100mL"},
{"product_name": "Cadbury Dairy Milk Mixed Bag | 228g", "price": null, "unit_price": null},
{"product_name": "Artisan Sour Red Cherries | 90g", "price": "$9.00", "unit_price": "$100.01 per 1kg"},
{"product_name": "Artisan Whole Dried Cranberries | 100g", "price": "$9.00", "unit_price": "$90.00 per 1kg"},
{"product_name": "Branston Original Pickle | 360g", "price": "$8.80", "unit_price": "$2.44 per 100g"},
{"product_name": "Mayvers Low Carb Protein Keto 7 Nuts & Seeds Spread | 220g", "price": null, "unit_price": null},
{"product_name": "Mayvers Low Carb Protein Keto Peanut Spread | 220g", "price": null, "unit_price": null},
{"product_name": "Spur Dressing Salad & French Fry | 500g", "price": "$8.50", "unit_price": "$1.70 per 100g"},
{"product_name": "Blue Frog Probiotic Granola Triple Nut Crunch | 350g", "price": "$8.50", "unit_price": "$2.43 per 100g"},
{"product_name": "Twinings Live Well Focus Tea Bags | 22 pack", "price": "$8.50", "unit_price": "$0.39 per 1ea"},
{"product_name": "Pukka Relax Tea Bags 20 pack | 40g", "price": "$8.50", "unit_price": "$0.43 per 1ea"},
{"product_name": "Bonne Maman Hazelnut Chocolate Spread | 250g", "price": null, "unit_price": null},
{"product_name": "Tom & Luke Snackaballs Triple Choc Brownie | 128g", "price": "$8.00", "unit_price": "$6.25 per 100g"},
{"product_name": "Tom & Luke Snackaballs Berry Chocolate Crunch | 128g", "price": "$8.00", "unit_price": "$6.25 per 100g"},
{"product_name": "Tom & Luke Snackaballs Caramel Pecan Fudge | 128g", "price": "$8.00", "unit_price": "$6.25 per 100g"},
{"product_name": "Bounce Weis Mango Cream Nut Butter Balls 4x30g | 120g", "price": "$8.00", "unit_price": "$6.67 per 100g"},
{"product_name": "Snackboy X Denada Cookie Caramel Fudge Snack Bites 3Pack | 105g", "price": "$8.00", "unit_price": "$7.62 per 100g"},
{"product_name": "Snackboy X Denada Raspberry Donut Snack Bites 3Pack | 105g", "price": "$8.00", "unit_price": "$7.62 per 100g"},
{"product_name": "Coles Organic Pine Nuts | 100g", "price": "$8.00", "unit_price": "$80.00 per 1kg"},
{"product_name": "Coles Marzipan | 500g", "price": "$8.00", "unit_price": "$1.60 per 100g"},
{"product_name": "Berri Quelch Tropical Fruit Juice Icy Tubes 24 pack | 1.68L", "price": "$7.80", "unit_price": "$0.46 per 100mL"},
{"product_name": "Queen All Natural Food Colours Rainbow 4 Pack | 28 mL", "price": "$7.75", "unit_price": "$2.77 per 10mL"},
{"product_name": "Patak's Lime Pickle Medium | 283g", "price": "$7.50", "unit_price": "$2.65 per 100g"},
{"product_name": "Coles Finest Australian Ironbark Honey | 400g", "price": null, "unit_price": null},
{"product_name": "Smokey Q Chipotle BBQ Rub Shaker | 75g", "price": "$7.50", "unit_price": "$1.00 per 10g"},
{"product_name": "Smokey Q BBQ Chicken Rub Shaker | 75g", "price": "$7.50", "unit_price": "$1.00 per 10g"},
{"product_name": "Smokey Q Original BBQ Rub Shaker | 75g", "price": "$7.50", "unit_price": "$1.00 per 10g"},
{"product_name": "Arizona Gunslinger Jalapeno Pepper Sauce | 147mL", "price": "$7.50", "unit_price": "$5.10 per 100mL"},
{"product_name": "Starbucks Nescafe Dolce Gusto Capsules Cappuccino | 12 pack", "price": "$7.00", "unit_price": "$0.58 per 1ea"},
{"product_name": "Julianne's Kitchen Apple & Thyme Fruit Paste | 100g", "price": "$7.00", "unit_price": "$7.00 per 100g"},
{"product_name": "Coles Organic Natural Almonds | 200g", "price": "$7.00", "unit_price": "$35.00 per 1kg"},
{"product_name": "Cadbury Dairy Milk Advent Calendar | 90g", "price": null, "unit_price": null},
{"product_name": "Zooper Dooper Water Ice Sourz | 24 pack", "price": "$7.00", "unit_price": "$0.29 per 1ea"},
{"product_name": "Lindt Mini Santa Chocolate Pouch Bag | 80g", "price": null, "unit_price": null},
{"product_name": "MasterFoods Spaghetti Bolognese Herbs | 40g", "price": "$7.00", "unit_price": "$1.75 per 10g"},
{"product_name": "Harvest Box Big Box Energy Mix | 240g", "price": "$6.95", "unit_price": "$28.96 per 1kg"},
{"product_name": "Harvest Box Big Box Power Mix | 220g", "price": "$6.95", "unit_price": "$31.59 per 1kg"},
{"product_name": "Whittaker's Block Chocolate Hokey Pokey | 250g", "price": "$6.90", "unit_price": "$2.76 per 100g"},
{"product_name": "Gaganis Premium Black Turtle Beans | 1kg", "price": "$6.85", "unit_price": "$6.85 per 1kg"},
{"product_name": "Guzzi's Golden Linguine Pasta 2x250g | 500g", "price": "$6.80", "unit_price": "$1.36 per 100g"},
{"product_name": "Farmer Jo Cluster Puffs Cinnamon Wonder | 350g", "price": "$6.75", "unit_price": "$1.93 per 100g"},
{"product_name": "Farmer Jo Cluster Puffs Chocolate Holiday | 350g", "price": "$6.75", "unit_price": "$1.93 per 100g"},
{"product_name": "Always Fresh Honey Baby Cucumbers | 680g", "price": "$6.70", "unit_price": "$9.85 per 1kg"},
{"product_name": "Mayvers Smooth Chocolate Protein+ Peanut Butter | 375g", "price": null, "unit_price": null},
{"product_name": "Mayvers Smooth Honey Peanut Butter | 375g", "price": null, "unit_price": null},
{"product_name": "Passage To India Slow Cook Korma | 500g", "price": "$6.50", "unit_price": "$1.30 per 100g"},
{"product_name": "Twinings Loose Leaf English Breakfast Extra Strong | 125g", "price": "$6.50", "unit_price": "$5.20 per 100g"},
{"product_name": "Uncle Tobys Blends Raisin Cranberry 320g | 320g", "price": "$6.50", "unit_price": "$2.03 per 100g"},
{"product_name": "Queen Natural Choc Flavouring Paste | 100g", "price": "$6.50", "unit_price": "$6.50 per 100g"},
{"product_name": "Uncle Tobys Oats Delicious Blends Blueberry & Coconut | 320g", "price": "$6.50", "unit_price": "$2.03 per 100g"},
{"product_name": "Uncle Tobys Oats Delicious Blends Raspberry Roasted Almond & Vanilla | 320g", "price": "$6.50", "unit_price": "$2.03 per 100g"},
{"product_name": "Patak's Curry Kit Korma | 315g", "price": "$6.50", "unit_price": "$2.06 per 100g"},
{"product_name": "Coles Urban Coffee Culture Dolce Gusto Capsules Cappuccino | 16 pack", "price": "$6.50", "unit_price": "$0.41 per 1ea"},
{"product_name": "Lee Kum Kee Chicken Bouillon Stock Powder | 227g", "price": "$6.30", "unit_price": "$2.78 per 100g"},
{"product_name": "Barker's Apricot Jam | 455g", "price": null, "unit_price": null},
{"product_name": "Barker's Raspberry Jam | 455g", "price": "$6.30", "unit_price": "$1.38 per 100g"},
{"product_name": "Asiago Sliced Porcini Mushrooms | 10g", "price": "$6.25", "unit_price": "$62.50 per 100g"},
{"product_name": "Nexba Liquid Brekkie Strawberry 3x250mL | 750mL", "price": "$6.25", "unit_price": "$0.83 per 100mL"},
{"product_name": "Passage To India Nepalese Chicken Curry | 375g", "price": "$6.20", "unit_price": "$1.65 per 100g"},
{"product_name": "Passage Foods Passage To India Balinese Curry Simmer Sauce  | 375g", "price": "$6.20", "unit_price": "$1.65 per 100g"},
{"product_name": "DJ & A Veggie Crisps Original | 90g", "price": "$6.00", "unit_price": "$6.67 per 100g"},
{"product_name": "Coles Cherries In Dark Chocolate | 180g", "price": "$6.00", "unit_price": "$33.34 per 1kg"},
{"product_name": "Coles Halloween Cats Bats & Ghosts Icing Decors | 24 pack", "price": null, "unit_price": null},
{"product_name": "Colgin Original Liquid Smoke | 118mL", "price": "$6.00", "unit_price": "$5.08 per 100mL"},
{"product_name": "Moccona Barista Reserve Medium Roast Lungo | 10 Pack", "price": "$6.00", "unit_price": "$0.60 per 1ea"},
{"product_name": "Coles Extra Virgin Avocado Oil | 250mL", "price": "$6.00", "unit_price": "$2.40 per 100mL"},
{"product_name": "Moccona Barista Reserve Latte 12 Capsules 52g | 10 Pack", "price": "$6.00", "unit_price": "$0.60 per 1ea"},
{"product_name": "Coles Wellness Road Organic Psyllium Husk | 250g", "price": "$6.00", "unit_price": "$2.40 per 100g"},
{"product_name": "Mayvers Smunchy 5 Seeds Peanut Butter | 375g", "price": null, "unit_price": null},
{"product_name": "Smokey Q SPG Salt Pepper Garlic | 110g", "price": "$5.80", "unit_price": "$0.53 per 10g"},
{"product_name": "Maldon Smoked Sea Salt | 125g", "price": "$5.80", "unit_price": "$0.46 per 10g"},
{"product_name": "Totole Mushroom Bouillon Tin | 227g", "price": "$5.75", "unit_price": "$2.53 per 100g"},
{"product_name": "Totole Chicken Flavour Bouillon Tin | 250g", "price": "$5.75", "unit_price": "$2.30 per 100g"},
{"product_name": "Aussie Bodies Lo Carb Chocolate Salted Caramel Crisp | 90g", "price": "$5.60", "unit_price": "$6.22 per 100g"},
{"product_name": "Aussie Bodies Lo Carb Chocolate Milk Crisp | 90g", "price": "$5.60", "unit_price": "$6.22 per 100g"},
{"product_name": "Artisan Crackers Native Kakadu Plum & Basil | 100g", "price": "$5.50", "unit_price": "$5.50 per 100g"},
{"product_name": "Aunt Betty's Saucy Centres Salted Caramel Twin Pack | 220g", "price": "$5.50", "unit_price": "$2.50 per 100g"},
{"product_name": "Aunt Betty's Saucy Centres Chocolate Twin Pack | 220g", "price": "$5.50", "unit_price": "$2.50 per 100g"},
{"product_name": "Nestle KitKat Milkybar White Chocolate Block | 160g", "price": "$5.50", "unit_price": "$3.44 per 100g"},
{"product_name": "Artisan Crackers With Sea Salt Mini | 110g", "price": "$5.50", "unit_price": "$5.00 per 100g"},
{"product_name": "Ottogi Rice Porridge With Abalone | 285g", "price": "$5.50", "unit_price": "$1.93 per 100g"},
{"product_name": "Coles Natures Kitchen Chicken Style Meat free Mince | 100g", "price": "$5.50", "unit_price": "$5.50 per 100g"},
{"product_name": "Nestle KitKat Mint Cookies & Cream Milk Chocolate Block  | 170g", "price": "$5.50", "unit_price": "$3.24 per 100g"},
{"product_name": "Coles Halloween Bats & Bones Sprinkles | 130g", "price": null, "unit_price": null},
{"product_name": "Coles Halloween Creepy Critter Sprinkles | 120g", "price": null, "unit_price": null},
{"product_name": "Trolli Halloween Sweet & Sour | 300g", "price": null, "unit_price": null},
{"product_name": "Olympian Continental Rusk | 250g", "price": "$5.50", "unit_price": "$2.20 per 100g"},
{"product_name": "Trolli Multi Mix | 300g", "price": null, "unit_price": null},
{"product_name": "Hart & Soul Rice Supergrain Panang Vegetable | 250g", "price": "$5.50", "unit_price": "$2.20 per 100g"},
{"product_name": "Coles Honey Cashews | 200g", "price": "$5.40", "unit_price": "$2.70 per 100g"},
{"product_name": "Heinz Tortellini Three Cheese Pasta Meal Sun Dried Tomato & Bacon | 350g", "price": "$5.30", "unit_price": "$1.51 per 100g"},
{"product_name": "Nice & Natural Raspberry & Blueberry Fruit Strings | 136g", "price": "$5.25", "unit_price": "$3.86 per 100g"},
{"product_name": "Chupa Chup Sour Bites Share Pack | 242g", "price": null, "unit_price": null},
{"product_name": "Cadbury Baubles Mint | 114g", "price": null, "unit_price": null},
{"product_name": "Parle Krackjack Biscuits 5x60g | 300g", "price": "$5.00", "unit_price": "$1.67 per 100g"},
{"product_name": "Cadbury Dairy Milk Bauble | 112g", "price": null, "unit_price": null},
{"product_name": "Olina's Bakehouse No Gluten Seeded Ancient Grains Crackers | 100g", "price": "$5.00", "unit_price": "$5.00 per 100g"},
{"product_name": "Coles Halloween Sprinkles | 110g", "price": null, "unit_price": null},
{"product_name": "Coles Halloween Australias Deadliest Sour Gummies | 440g", "price": null, "unit_price": null},
{"product_name": "Coles Halloween Gummy Body Parts | 350g", "price": null, "unit_price": null},
{"product_name": "Coles Halloween 3D Gummy Eyeballs | 350g", "price": null, "unit_price": null},
{"product_name": "Sharwood's Extra Creamy Butter Chicken Simmer Sauce | 420g", "price": "$5.00", "unit_price": "$1.19 per 100g"},
{"product_name": "Spring Gully Gluten Free Sweet Spiced Gherkins | 550g", "price": "$5.00", "unit_price": "$9.09 per 1kg"},
{"product_name": "Natures Grove Almond Vanilla Custard | 1L", "price": "$4.95", "unit_price": "$0.50 per 100mL"},
{"product_name": "Food For Health Probiotic Balls Raspberry & Coconut | 120g", "price": "$4.90", "unit_price": "$4.08 per 100g"},
{"product_name": "Food For Health Probiotic Balls Blueberry & Vanilla | 120g", "price": "$4.90", "unit_price": "$4.08 per 100g"},
{"product_name": "Food For Health Probiotic Balls Cinnamon Vanilla & Maple | 120g", "price": "$4.90", "unit_price": "$4.08 per 100g"},
{"product_name": "Easiyo Greek Style Yoghurt Manuka Honey | 230g", "price": "$4.90", "unit_price": "$2.13 per 100g"},
{"product_name": "Easiyo Yogurt Greek Style Blueberry | 230g", "price": "$4.90", "unit_price": "$2.13 per 100g"},
{"product_name": "Easiyo Natural Unsweetened Yoghurt | 140g", "price": "$4.90", "unit_price": "$3.50 per 100g"},
{"product_name": "St Clair Crackers Butter Charcoal | 100g", "price": "$4.80", "unit_price": "$4.80 per 100g"},
{"product_name": "Food For Health  Digestive Restore Muesli | 425g", "price": "$4.80", "unit_price": "$1.13 per 100g"},
{"product_name": "180 Degrees Maple Cranberry Apricot Oat Crackers | 135g", "price": "$4.80", "unit_price": "$3.56 per 100g"},
{"product_name": "Sugar Honey Mango Mochi Rice Cakes | 160g", "price": "$4.70", "unit_price": "$2.94 per 100g"},
{"product_name": "Ma Ling Po-Ku Pork Luncheon Meat | 340g", "price": "$4.60", "unit_price": "$13.53 per 1kg"},
{"product_name": "Delverde Lasagne Sheets Bowl | 500g", "price": "$4.55", "unit_price": "$0.91 per 100g"},
{"product_name": "Table Of Plenty Grazing Poppers Truffle Parmesan | 60g", "price": "$4.50", "unit_price": "$7.50 per 100g"},
{"product_name": "Fierce Chocolate Gingerbread Wholefood Nutrient Bar | 50g", "price": "$4.50", "unit_price": "$9.00 per 100g"},
{"product_name": "Fierce Banana Super Greens Wholefood Nutrient Bar | 50g", "price": "$4.50", "unit_price": "$9.00 per 100g"},
{"product_name": "Pana Organic Dark Choc Cherry Coconut Snack Bar | 40g", "price": "$4.50", "unit_price": "$11.25 per 100g"},
{"product_name": "Australian Organic 8 Vegetable Minestrone Soup | 330g", "price": "$4.50", "unit_price": "$1.36 per 100g"},
{"product_name": "Goulburn Valley Orchard Splash Peach & Pineapple 2x160g | 320g", "price": "$4.50", "unit_price": "$14.06 per 1kg"},
{"product_name": "Tonik Plant Protein Vegan Peanut Caramel Layered Bar | 50g", "price": "$4.50", "unit_price": "$9.00 per 100g"},
{"product_name": "Heinz Soup Of The Day Pumpkin & Cauliflower Vegetable Soup | 430g", "price": "$4.50", "unit_price": "$1.05 per 100g"},
{"product_name": "Wicked Pickled Baby Cucumbers | 500g", "price": "$4.00", "unit_price": "$8.00 per 1kg"},
{"product_name": "Krumbled Salted Caramel Beauty Bites | 32g", "price": "$4.00", "unit_price": "$12.50 per 100g"},
{"product_name": "Tropeaka Protein Energy Bar Peanut Butter | 50g", "price": "$4.00", "unit_price": "$8.00 per 100g"},
{"product_name": "Coles Perform Elite Whey High Protein Bar Caramel Biscuit | 60g", "price": "$4.00", "unit_price": "$6.67 per 100g"},
{"product_name": "Muscle Nation Custard Protein Powder Vanilla | 40g", "price": "$4.00", "unit_price": "$10.00 per 100g"},
{"product_name": "Olinas Sourdough Crackers Pink Salt & Garlic | 110g", "price": "$4.00", "unit_price": "$3.64 per 100g"},
{"product_name": "Safcol Giant Squid Pieces In Oil | 111g", "price": "$4.00", "unit_price": "$36.04 per 1kg"},
{"product_name": "Masterfoods One Pan Rice Chicken And Mushroom Risotto | 250g", "price": "$4.00", "unit_price": "$1.60 per 100g"},
{"product_name": "Chupa Chups Meet The Creeps Tongue Painter | 132g", "price": null, "unit_price": null},
{"product_name": "Chupa Chups Skull Bag | 120g", "price": null, "unit_price": null},
{"product_name": "Coles Perform Elite Plant High Protein Bar Dark Chocolate Caramel Crunch | 60g", "price": "$4.00", "unit_price": "$6.67 per 100g"},
{"product_name": "Coles Perform Elite Whey High Protein Bar Salted Caramel Peanut Crunch | 60g", "price": "$4.00", "unit_price": "$6.67 per 100g"},
{"product_name": "Coles Perform Elite Whey High Protein Powder Chocolate | 40g", "price": "$4.00", "unit_price": "$10.00 per 100g"},
{"product_name": "Lotus Peak White Tea Bags 25 pack | 50g", "price": "$4.00", "unit_price": "$0.16 per 1ea"},
{"product_name": "Krumbled Collagen Beauty Bites Triple Chocolate Chip | 32g", "price": "$4.00", "unit_price": "$12.50 per 100g"},
{"product_name": "Coles Halloween Patty Pans | 100 pack", "price": null, "unit_price": null},
{"product_name": "Snazk Bites Salted Egg Golden Cube Original | 100g", "price": "$4.00", "unit_price": "$4.00 per 100g"},
{"product_name": "Coles Halloween Vampire & Ghost Cupcake Kit | 24 pack", "price": null, "unit_price": null},
{"product_name": "Local Legends Original Beef Jerky | 55g", "price": "$4.00", "unit_price": "$7.27 per 100g"},
{"product_name": "Coles Organic Brown Rice Syrup | 500g", "price": "$4.00", "unit_price": "$0.80 per 100g"},
{"product_name": "Walkers Choc Thins Mints & Turkish Delight | 135g", "price": null, "unit_price": null},
{"product_name": "Higher Living Daily Detox Tea | 15 pack", "price": "$3.95", "unit_price": "$0.26 per 1ea"},
{"product_name": "Ollies Kitchen Gnocchi Sweet Potato | 400g", "price": "$3.95", "unit_price": "$0.99 per 100g"},
{"product_name": "Jensens Organic Ginger | 210g", "price": "$3.90", "unit_price": "$0.19 per 10g"},
{"product_name": "Ottogi Korean BBQ Bulgogi Sauce | 240g", "price": "$3.90", "unit_price": "$1.63 per 100g"},
{"product_name": "Always Fresh Sauerkraut Polish | 460g", "price": "$3.80", "unit_price": "$8.26 per 1kg"},
{"product_name": "The Spice Tailor Tikka Masala Curry Paste | 125g", "price": "$3.80", "unit_price": "$3.04 per 100g"},
{"product_name": "The Spice Tailor Malabar Curry Paste | 125g", "price": "$3.80", "unit_price": "$3.04 per 100g"},
{"product_name": "The Spice Tailor Butter Chicken Curry Paste | 125g", "price": "$3.80", "unit_price": "$3.04 per 100g"},
{"product_name": "John West Smoked Tuna Slices | 125g", "price": "$3.80", "unit_price": "$30.40 per 1kg"},
{"product_name": "Coles Oregon Whole Purple Plums In Syrup | 425g", "price": "$3.80", "unit_price": "$8.94 per 1kg"},
{"product_name": "Celebrate Health Recipe Base Peanut Free Satay Stir Fry | 175g", "price": "$3.50", "unit_price": "$2.00 per 100g"},
{"product_name": "Keens Coconut Lentil Curry Recipe Base | 285g", "price": "$3.50", "unit_price": "$1.23 per 100g"},
{"product_name": "Campbell's Real Stock Flavour Boost Red Wine Tomato & Basil | 250mL", "price": "$3.50", "unit_price": "$1.40 per 100mL"},
{"product_name": "La Espanola Truffle Extra Virgin Olive Oil | 250mL", "price": "$3.50", "unit_price": "$1.40 per 100mL"},
{"product_name": "Queen Victoria Tea Awaken Blend Tea Bags | 18 pack", "price": "$3.50", "unit_price": "$0.19 per 1ea"},
{"product_name": "Pimp My Salad Gluten Free Croutons | 150g", "price": "$5.95", "unit_price": "$3.97 per 100g"},
{"product_name": "Heinz Plant Proteinz Soup Mexican Style Corn & Black Bean With Sweet Potato & Coriander | 330g", "price": "$3.50", "unit_price": "$1.06 per 100g"},
{"product_name": "Orgran Vegan Easy Egg Mix Pouch | 250g", "price": "$3.50", "unit_price": "$1.40 per 100g"},
{"product_name": "MasterFoods Regular Garam Masala | 30g", "price": "$3.50", "unit_price": "$1.17 per 10g"},
{"product_name": "MasterFoods Honey BBQ Chicken Cooking Sauce | 520g", "price": "$3.50", "unit_price": "$0.67 per 100g"},
{"product_name": "Pez Halloween Dispenser | 17g", "price": null, "unit_price": null},
{"product_name": "La Costena Whole Black Beans | 400g", "price": "$3.50", "unit_price": "$0.88 per 100g"},
{"product_name": "Always Fresh Chilli Peppers | 310g", "price": "$3.40", "unit_price": "$10.97 per 1kg"},
{"product_name": "Health Lab Gluten Free Holy Hazelnut Nut Butter Filled Balls | 40g", "price": "$3.35", "unit_price": "$8.38 per 100g"},
{"product_name": "The Han Kitchen Organic Glass Noodles | 120g", "price": "$3.30", "unit_price": "$2.75 per 100g"},
{"product_name": "Karma Bites Popped Lotus Seeds Caramel | 25g", "price": "$3.20", "unit_price": "$12.80 per 100g"},
{"product_name": "Escuris Sardines In Olive Oil | 115g", "price": "$3.00", "unit_price": "$26.09 per 1kg"},
{"product_name": "Wicked Cowboy Candy Jalapenos | 210g", "price": "$3.00", "unit_price": "$14.29 per 1kg"},
{"product_name": "Eiwa Japanese Marshmallow Strawberry | 80g", "price": null, "unit_price": null},
{"product_name": "Tom & Luke Salted Caramel Snackaballs | 88g", "price": "$3.00", "unit_price": "$3.41 per 100g"},
{"product_name": "Atkins Low Carb Milk Chocolate Swiss Roll | 30g", "price": "$3.00", "unit_price": "$10.00 per 100g"},
{"product_name": "Hooleys Crunchy Rings Original Onion | 90g", "price": "$3.00", "unit_price": "$3.33 per 100g"},
{"product_name": "Coles Christmas Milk Chocolate Coins | 150g", "price": null, "unit_price": null},
{"product_name": "Gold Reef Pear Halves In Syrup | 825g", "price": "$3.00", "unit_price": "$3.64 per 1kg"},
{"product_name": "Gold Reef Peach Halves In Syrup | 825g", "price": "$3.00", "unit_price": "$3.64 per 1kg"},
{"product_name": "MasterFoods Recipe Base San Choy Bow | 175g", "price": "$3.00", "unit_price": "$1.71 per 100g"},
{"product_name": "Coles Bake & Create Pastel Party Candles | 16 pack", "price": "$3.00", "unit_price": "$0.19 per 1ea"},
{"product_name": "Coles Belgian Milk Chocolate Characters | 55g", "price": null, "unit_price": null},
{"product_name": "Pattu  Chick Peas Tyson | 1kg", "price": "$3.00", "unit_price": "$0.30 per 100g"},
{"product_name": "Continental Hot Pot Rich Beef & Mushrooms Savoury Casserole Base 4 Sachets | 80g", "price": "$3.00", "unit_price": "$3.75 per 100g"},
{"product_name": "Continental Hot Plate Casserole Base Curry | 100g", "price": "$3.00", "unit_price": "$3.00 per 100g"},
{"product_name": "Praise Goodness Whole Egg Chilli Mayo | 250mL", "price": "$5.50", "unit_price": "$2.20 per 100mL"},
{"product_name": "Coles Aioli | 150g", "price": "$2.50", "unit_price": "$16.67 per 1kg"},
{"product_name": "Extra White Spearmint Sugar Free Envelope Chewing Gum | 27g", "price": "$2.50", "unit_price": "$9.26 per 100g"},
{"product_name": "Bull's-eye Kentucky Style Habanero With Whiskey Hot Sauce | 135mL", "price": "$5.50", "unit_price": "$4.07 per 100mL"},
{"product_name": "Haldiram's Bhel Puri Snacks | 150g", "price": "$2.50", "unit_price": "$1.67 per 100g"},
{"product_name": "Sunrice Red Rice Pouch | 250g", "price": "$2.45", "unit_price": "$0.98 per 100g"},
{"product_name": "Farrow's Giant Marrowfat Peas | 300g", "price": "$2.45", "unit_price": "$8.17 per 1kg"},
{"product_name": "Coles Choc Peanut Butter | 350g", "price": "$3.50", "unit_price": "$1.00 per 100g"},
{"product_name": "Coles Halloween Milk Chocolate Coins | 100g", "price": null, "unit_price": null},
{"product_name": "Tuckers Dippies Crackers Tumeric & Parmesan | 120g", "price": "$2.25", "unit_price": "$1.88 per 100g"},
{"product_name": "Nestle Kitkat Chunky Caramel Milk Chocolate Bar | 48g", "price": "$2.20", "unit_price": "$4.58 per 100g"},
{"product_name": "Hoyts Bouquet Garni 4 Sachets | 5g", "price": "$2.20", "unit_price": "$4.40 per 10g"},
{"product_name": "Shaerge Peanuts Salt | 90g", "price": "$2.15", "unit_price": "$2.39 per 100g"},
{"product_name": "Shaerge Peanuts Spicy | 90g", "price": "$2.15", "unit_price": "$2.39 per 100g"},
{"product_name": "Nomo Creamy Choc Bar | 38g", "price": "$2.00", "unit_price": "$5.26 per 100g"},
{"product_name": "Cadbury Dairy Milk Breakaway Chocolate Bar | 44g", "price": "$2.00", "unit_price": "$4.55 per 100g"},
{"product_name": "Coles Thai 7 Seasoning | 25g", "price": "$2.00", "unit_price": "$0.80 per 10g"},
{"product_name": "Jols Sugarfree 3 Fruits Refreshing Pastilles | 25g", "price": "$2.00", "unit_price": "$8.00 per 100g"},
{"product_name": "McCormick Grill Mates Chipotle & Roasted Garlic Dry Marinade | 40g", "price": "$2.00", "unit_price": "$0.50 per 10g"},
{"product_name": "Parle-G Gluco Biscuits | 376g", "price": "$2.00", "unit_price": "$0.53 per 100g"},
{"product_name": "Mingle Create Your Own Green Curry Seasoning | 30g", "price": "$1.95", "unit_price": "$6.50 per 100g"},
{"product_name": "Huiji Green Tea Flavour Sunflower Seeds | 135g", "price": "$1.95", "unit_price": "$1.44 per 100g"},
{"product_name": "Mingle Seasoning Spag Bol Italian Blend Herbs | 30g", "price": "$1.95", "unit_price": "$195.00 per 100g"},
{"product_name": "Kras Hazelnut Nougat Wafers | 93g", "price": "$1.90", "unit_price": "$2.04 per 100g"},
{"product_name": "Aristocrat Red Cocktail Onions | 150g", "price": "$1.90", "unit_price": "$12.67 per 1kg"},
{"product_name": "Continental Creamy Chicken Curry Recipe Base | 30g", "price": "$1.80", "unit_price": "$6.00 per 100g"},
{"product_name": "McCormick Produce Partner Scalloped Potatoes | 40g", "price": "$1.80", "unit_price": "$4.50 per 100g"},
{"product_name": "Cadbury Boost Chocolate Bars Twin Pack | 77g", "price": null, "unit_price": null},
{"product_name": "Ottogi Noodles Jin Ramen Spicy | 120g", "price": "$1.80", "unit_price": "$1.50 per 100g"},
{"product_name": "Blue Dinosaur Bites White Chocolate | 30g", "price": "$1.80", "unit_price": "$6.00 per 100g"},
{"product_name": "Blue Dinosaur Bites Cheesecake Base | 30g", "price": "$1.80", "unit_price": "$6.00 per 100g"},
{"product_name": "Continental Creamy Chicken Stroganoff Recipe Base | 40g", "price": "$1.80", "unit_price": "$4.50 per 100g"},
{"product_name": "Muscle Nation Legacy Sport Mango Passion Passionfruit | 225g", "price": "$45.00", "unit_price": "$20.00 per 100g"},
{"product_name": "Coles Perform Elite Whey High Protein Powder Vanilla | 500g", "price": "$36.00", "unit_price": "$7.20 per 100g"},
{"product_name": "St. Ali Good Vibrations Coffee Beans | 500g", "price": "$35.00", "unit_price": "$7.00 per 100g"},
{"product_name": "Muscle Nation Plant Protein Water Powder Raspberry | 250g", "price": "$35.00", "unit_price": "$14.00 per 100g"},
{"product_name": "Muscle Nation Custard Casein Protein Powder Golden Ice Cream | 400g", "price": "$35.00", "unit_price": "$8.75 per 100g"},
{"product_name": "Muscle Nation Custard Plant Protein Powder Double Chocolate | 400g", "price": "$35.00", "unit_price": "$8.75 per 100g"},
{"product_name": "Muscle Nation Custard Casein Protein Powder Vanilla | 400g", "price": "$35.00", "unit_price": "$8.75 per 100g"},
{"product_name": "Daley Street Medium/Dark Roast Ground Coffee | 1kg", "price": "$35.00", "unit_price": "$3.50 per 100g"},
{"product_name": "Muscle Nation Whey Protein Daily Shake Salted Caramel | 300g", "price": "$35.00", "unit_price": "$11.67 per 100g"},
{"product_name": "Muscle Nation Whey Protein Daily Shake Milk Chocolate | 300g", "price": "$35.00", "unit_price": "$11.67 per 100g"},
{"product_name": "Hydroxycut Hardcore 60 Capsules | 60 each", "price": "$32.00", "unit_price": "$53.33 per 100ea"},
{"product_name": "Muscle Nation Aminos Raspberry | 180g", "price": "$30.00", "unit_price": "$16.67 per 100g"},
{"product_name": "Macro Mike Premium Almond Protein Vanilla Buttercream | 240g", "price": "$28.00", "unit_price": "$11.67 per 100g"},
{"product_name": "BSc Bodyscience Collagen Regenerate Natural | 153g", "price": "$28.00", "unit_price": "$18.30 per 100g"},
{"product_name": "Laucke White Crusty Calico Bag Bread Mix | 10kg", "price": "$27.60", "unit_price": "$2.76 per 1kg"},
{"product_name": "Lavazza Tales Of Italy Eternal Roma Premium Coffee Beans | 500g", "price": "$25.00", "unit_price": "$5.00 per 100g"},
{"product_name": "Keep It Cleaner Plant Based Faba Bean Chocolate Protein Powder | 375g", "price": "$25.00", "unit_price": "$6.67 per 100g"},
{"product_name": "Morlife Berry Clean Liv'A Detox Powder | 100g", "price": "$25.00", "unit_price": "$25.00 per 100g"},
{"product_name": "Melrose Essential Reds | 120g", "price": "$25.00", "unit_price": "$20.83 per 100g"},
{"product_name": "BSc Bodyscience Clean Greens Superfoods Tropical | 150g", "price": "$25.00", "unit_price": "$16.67 per 100g"},
{"product_name": "Atkins Low Carb Vanilla Flavoured Protein Shake Mix | 310g", "price": "$24.00", "unit_price": "$7.74 per 100g"},
{"product_name": "Nature's Way Super Foods Greens & Wild Reds | 100g", "price": "$24.00", "unit_price": "$24.00 per 100g"},
{"product_name": "Nature's Way Vanilla Instant Protein Powder | 375g", "price": "$22.50", "unit_price": "$6.00 per 100g"},
{"product_name": "Starbucks By Nespresso Compatible Capsules Blonde Espresso | 36 pack", "price": "$22.00", "unit_price": "$0.61 per 1ea"},
{"product_name": "Lindt Praline Master Collection Chocolate Box | 184g", "price": "$22.00", "unit_price": "$11.96 per 100g"},
{"product_name": "Nature's Way Slim Right Vanilla Powder | 500g", "price": "$21.00", "unit_price": "$4.20 per 100g"},
{"product_name": "Cobram Estate Ultra Premium Hojiblanca Mild Olive Oil | 500mL", "price": "$20.00", "unit_price": "$4.00 per 100mL"},
{"product_name": "Coles Perform Elite Collagen Powder Berry Flavour | 250g", "price": "$20.00", "unit_price": "$8.00 per 100g"},
{"product_name": "Fine Fettle Eat The Rainbow Veg Extra Powder | 100g", "price": "$18.00", "unit_price": "$18.00 per 100g"},
{"product_name": "Kapai Puku Gut Health Cacao Seed Mix | 450g", "price": "$17.00", "unit_price": "$3.78 per 100g"},
{"product_name": "Kapai Puku Gut Health Tropical Seed Mix | 450g", "price": "$17.00", "unit_price": "$3.78 per 100g"},
{"product_name": "Macro Mike Powdered Peanut Butter Chocolate Caramel | 156g", "price": "$16.00", "unit_price": "$10.26 per 100g"},
{"product_name": "Haribo Goldbears | 1kg", "price": "$12.00", "unit_price": "$1.20 per 100g"},
{"product_name": "Melrose Mct Kick Start Oil | 250mL", "price": "$12.00", "unit_price": "$4.80 per 100mL"},
{"product_name": "Queen Organic Vanilla Bean Paste | 65g", "price": "$11.80", "unit_price": "$18.15 per 100g"},
{"product_name": "Nescafe Gold Smooth Mild Ground Coffee | 90g", "price": "$11.50", "unit_price": "$12.78 per 100g"},
{"product_name": "Naturopathica Fat Blaster Weight Loss Shake Caramel Delight | 430g", "price": "$11.00", "unit_price": "$2.56 per 100g"},
{"product_name": "Naturopathica  Fat Blaster 30% Less Sugar Raspberry Ripple Shake | 430g", "price": "$11.00", "unit_price": "$2.56 per 100g"},
{"product_name": "Naturopathica Fat Blaster 30% Less Sugar Mocha Shake | 430g", "price": "$11.00", "unit_price": "$2.56 per 100g"},
{"product_name": "Atkins Low Carb Chocolate Chip Crisp Bars 185g | 5 pack", "price": "$10.50", "unit_price": "$5.68 per 100g"},
{"product_name": "Jimmy Tartufi Original Truffle Seasoning | 45g", "price": "$10.50", "unit_price": "$2.33 per 10g"},
{"product_name": "Health Lab Low Sugar Naturally Milk Choc Dipped Roasted Almonds | 150g", "price": "$10.00", "unit_price": "$6.67 per 100g"},
{"product_name": "Health Lab Band Wagon 3 Pack | 195g", "price": "$10.00", "unit_price": null},
{"product_name": "Jed's No.X Extreme Ground Coffee | 200g", "price": "$10.00", "unit_price": "$5.00 per 100g"},
{"product_name": "Jed's No.3 Strong Ground Coffee | 200g", "price": "$10.00", "unit_price": "$5.00 per 100g"},
{"product_name": "PB2 Peanut Powder With Cocoa | 184g", "price": "$10.00", "unit_price": "$5.43 per 100g"},
{"product_name": "Squeaky Gate Caramelised Balsamic | 250mL", "price": "$10.00", "unit_price": "$4.00 per 100mL"},
{"product_name": "Natvia Natural Sweetener Organic Baking Pouch | 600g", "price": "$10.00", "unit_price": "$1.67 per 100g"},
{"product_name": "Nature's Way Super Foods Spirulina | 100g", "price": "$9.75", "unit_price": "$9.75 per 100g"},
{"product_name": "Sunbeam Australian Nuts Dry Roasted Almonds | 350g", "price": "$9.60", "unit_price": "$27.43 per 1kg"},
{"product_name": "Sunbeam Australian Nuts Flaked Almonds | 300g", "price": "$9.60", "unit_price": "$32.00 per 1kg"},
{"product_name": "John West Wild Alaskan Pink Salmon | 415g", "price": "$9.50", "unit_price": "$22.89 per 1kg"},
{"product_name": "Darrell Lea Soft Centres Gift Box | 255g", "price": "$9.50", "unit_price": "$3.73 per 100g"},
{"product_name": "Old El Paso Stand 'N Stuff Mini Taco Shell Kit | 275g", "price": "$9.50", "unit_price": "$3.45 per 100g"},
{"product_name": "Vittoria Decaf Blend Coffee Bags | 20 pack", "price": "$9.40", "unit_price": "$0.47 per 1ea"},
{"product_name": "Hubbards Be Mighty Granola Coconut Rough | 450g", "price": "$9.00", "unit_price": "$2.00 per 100g"},
{"product_name": "Vittoria Decaf Nespresso Compatible Capsules | 20 pack", "price": "$9.00", "unit_price": "$0.45 per 1ea"},
{"product_name": "Maggie Beer Beef & Red Wine Stock | 1L", "price": "$9.00", "unit_price": "$0.90 per 100mL"},
{"product_name": "Chatime Mango Iced Bubble Tea | 4 pack", "price": "$9.00", "unit_price": "$2.25 per 1ea"},
{"product_name": "Lakanto Brown Monkfuit Sweetener Replaces Brown Sugar | 225g", "price": "$8.90", "unit_price": "$3.96 per 100g"},
{"product_name": "Olympian Turkish Delight With Rose & Almond | 300g", "price": "$8.80", "unit_price": "$2.93 per 100g"},
{"product_name": "Saxa Natural Sea Salt Grinder | 200g", "price": "$8.50", "unit_price": "$0.43 per 10g"},
{"product_name": "Vitawerx Protein White Chocolate Bar Raspberry & Macadamia | 100g", "price": "$8.50", "unit_price": "$8.50 per 100g"},
{"product_name": "Roll'D Vinaigrette Soy & Garlic Finishing Sauce | 235mL", "price": "$7.50", "unit_price": "$3.19 per 100mL"},
{"product_name": "Patak's Pickled Eggplant | 312g", "price": "$7.50", "unit_price": "$2.40 per 100g"},
{"product_name": "Red Tractor Brown Rice Flakes | 450g", "price": "$7.50", "unit_price": "$1.67 per 100g"},
{"product_name": "MasterFoods Tuscan Seasoning | 155g", "price": "$7.50", "unit_price": "$0.48 per 10g"},
{"product_name": "Vittoria Coffee Bags Espresso Blend | 20 pack", "price": "$7.50", "unit_price": "$0.38 per 1ea"},
{"product_name": "Tom & Luke Snackaballs Beetroot & Raspberry Pot | 224g", "price": "$7.50", "unit_price": "$3.35 per 100g"},
{"product_name": "Tom & Luke Snackaballs Salted Caramel Pot | 224g", "price": "$7.50", "unit_price": "$3.35 per 100g"},
{"product_name": "Whole Earth Stevia Raw Canister | 250g", "price": "$7.40", "unit_price": "$2.96 per 100g"},
{"product_name": "Sun Swallow Dried Seaweed | 56g", "price": "$7.40", "unit_price": "$13.21 per 100g"},
{"product_name": "Lavazza Qualita Oro Ground Coffee | 250g", "price": "$7.35", "unit_price": "$2.94 per 100g"},
{"product_name": "Vegemite Squeeze | 350g", "price": "$7.30", "unit_price": "$2.09 per 100g"},
{"product_name": "Laucke Spelt Bread Mix | 1Kg", "price": "$7.25", "unit_price": "$7.25 per 1kg"},
{"product_name": "Betty Crocker Blueberry Muffin Mix | 500g", "price": "$7.00", "unit_price": "$1.40 per 100g"},
{"product_name": "Betty Crocker Triple Chocolate Muffin Mix | 500g", "price": "$7.00", "unit_price": "$1.40 per 100g"},
{"product_name": "Betty Crocker Cinnamon Crumble Muffin Mix | 500g", "price": "$7.00", "unit_price": "$1.40 per 100g"},
{"product_name": "Always Fresh Sundried Tomato Strips | 480g", "price": "$7.00", "unit_price": "$14.58 per 1kg"},
{"product_name": "Whole Earth Monk Fruit Sweetner Liquid | 48mL", "price": "$7.00", "unit_price": "$14.58 per 100mL"},
{"product_name": "Coco Earth Malabar Paratha 4 Pack | 400g", "price": "$7.00", "unit_price": "$1.75 per 100g"},
{"product_name": "Cadbury Chocolate Coated Deluxe Almonds | 190g", "price": "$7.00", "unit_price": "$3.68 per 100g"},
{"product_name": "Health Lab Less Sugar Naturally Milk Choc Chewy Peanut Brownie Balls 3X40G | 120g", "price": "$7.00", "unit_price": "$5.83 per 100g"},
{"product_name": "Coco Earth Chicken Tikka Masala With Naan | 360g", "price": "$7.00", "unit_price": null},
{"product_name": "Coco Earth Butter Chicken With Naan | 360g", "price": "$7.00", "unit_price": null},
{"product_name": "Betty Crocker Salted Caramel Shortbread Mix | 345g", "price": "$7.00", "unit_price": "$2.03 per 100g"},
{"product_name": "Pana Organic Mylk Baking Chocolate Block | 80g", "price": "$7.00", "unit_price": "$8.75 per 100g"},
{"product_name": "Pana Organic Crunchy Hazelnut Chocolate Spread | 200g", "price": "$7.00", "unit_price": "$3.50 per 100g"},
{"product_name": "Health Lab Gluten Free Lamington Raspberry Jam Filled Balls | 120g", "price": "$7.00", "unit_price": "$5.83 per 100g"},
{"product_name": "Starbucks Nescafe Dolce Gusto Vanilla Macchiato 132g | 12 pack", "price": "$7.00", "unit_price": "$0.58 per 1ea"},
{"product_name": "Vogel's Hazelnut Honey And Cinnamon Crunchy Clusters | 450g", "price": "$7.00", "unit_price": "$1.56 per 100g"},
{"product_name": "Pana Organic Mylk Tasman Sea Salt Chocolate | 80g", "price": "$7.00", "unit_price": "$8.75 per 100g"},
{"product_name": "Coles Finest Australian Artisan Crispbread With Olive Oil And Sea Salt | 150g", "price": "$7.00", "unit_price": "$4.67 per 100g"},
{"product_name": "The No Nasties Sugar Free Zies Summer Fruits | 15 pack", "price": "$7.00", "unit_price": "$0.78 per 100mL"},
{"product_name": "Nescafe Dolce Gusto Espresso Intenso Coffee Capsules 16 pack | 96g", "price": "$7.00", "unit_price": "$0.44 per 1ea"},
{"product_name": "The Spice Tailor Indonesian Rendang Curry | 275g", "price": "$6.20", "unit_price": "$2.25 per 100g"},
{"product_name": "Passage Foods Street Kitchen Punjabi Cashew Korma | 255g", "price": "$5.90", "unit_price": "$2.31 per 100g"},
{"product_name": "Gaganis Premium Dark Red Kidney Beans | 1kg", "price": "$6.10", "unit_price": "$6.10 per 1kg"},
{"product_name": "Simply Wize Gluten Free Crusty Bread | 330g", "price": "$6.00", "unit_price": "$18.18 per 1kg"},
{"product_name": "Palmiette De Croissant Aged Parmesan | 70g", "price": "$6.00", "unit_price": "$8.57 per 100g"},
{"product_name": "Pana Organic Mylk Golden Comb Chocolate | 45g", "price": "$6.00", "unit_price": "$13.33 per 100g"},
{"product_name": "Queen Victoria Decaf Tea Bags | 40 pack", "price": "$6.00", "unit_price": "$0.15 per 1ea"},
{"product_name": "White Wings Unbelievably Good Brownie Mix | 475g", "price": "$6.00", "unit_price": "$1.26 per 100g"},
{"product_name": "Carmans Muesli Cookies Fruit Oat | 215g", "price": "$6.00", "unit_price": "$2.79 per 100g"},
{"product_name": "Carmans Muesli Cookies Golden Oat Coconut | 215g", "price": "$6.00", "unit_price": "$2.79 per 100g"},
{"product_name": "Vegie Delights Plant Based Nutolene | 415g", "price": "$6.00", "unit_price": "$14.46 per 1kg"},
{"product_name": "Snackify Tropical Island Mix | 5 pack", "price": "$6.00", "unit_price": "$1.20 per 1ea"},
{"product_name": "Red Tractor Golden Flaxseed Meal Defatted | 500g", "price": "$6.00", "unit_price": "$1.20 per 100g"},
{"product_name": "White Wings Crafted Cinnamon Scrolls | 508g", "price": "$6.00", "unit_price": "$1.18 per 100g"},
{"product_name": "Truvia For Baking Brown | 320g", "price": "$6.00", "unit_price": "$1.88 per 100g"},
{"product_name": "Truvia For Baking Caster | 360g", "price": "$6.00", "unit_price": "$1.67 per 100g"},
{"product_name": "Sharwood's Green Label Mango & Ginger Chutney | 354g", "price": "$6.00", "unit_price": "$1.69 per 100g"},
{"product_name": "Dollar Sweets Edible Glitter Silver Spray | 4g", "price": "$6.00", "unit_price": "$150.00 per 100g"},
{"product_name": "Bonne Maman Caramel Spread | 380g", "price": "$6.00", "unit_price": "$1.58 per 100g"},
{"product_name": "Moccona Barista Reserve Capsules Cappuccino | 10 Pack", "price": "$6.00", "unit_price": "$0.60 per 1ea"},
{"product_name": "Pana Organic Dark Hazelnut Chocolate | 45g", "price": "$6.00", "unit_price": "$13.33 per 100g"},
{"product_name": "Dollar Sweets Gold Delight Sprinkles | 145g", "price": "$6.00", "unit_price": "$4.14 per 100g"},
{"product_name": "Dollar Sweets Sweetheart Sprinkles | 145g", "price": "$6.00", "unit_price": "$4.14 per 100g"},
{"product_name": "Gaganis Premium Continental Style Soup Mix | 1kg", "price": "$5.95", "unit_price": "$5.95 per 1kg"},
{"product_name": "Street Kitchen Malaysian Peanut Satay | 255g", "price": "$5.90", "unit_price": "$2.31 per 100g"},
{"product_name": "Fodmapped Green Curry Simmer Sauce | 200g", "price": "$5.90", "unit_price": "$2.95 per 100g"},
{"product_name": "Robertsons Fruit Mince | 410g", "price": "$5.75", "unit_price": "$14.02 per 1kg"},
{"product_name": "Coles Ultimate Gluten Free 40% Chocolate Chip Cookie Baking Mix | 500g", "price": "$5.70", "unit_price": "$1.14 per 100g"},
{"product_name": "Classica Organic Cherry Tomato Puree Passata | 660g", "price": "$5.70", "unit_price": "$0.86 per 100g"},
{"product_name": "Greens Zooper Dooper Cola Cake Bite Mix | 430g", "price": "$5.60", "unit_price": "$1.30 per 100g"},
{"product_name": "Kellogg's Pop Tarts Frosted Strawberry Flavour | 384g", "price": "$5.60", "unit_price": null},
{"product_name": "Artisan Crackers Native Wattleseed & Fig | 100g", "price": "$5.50", "unit_price": "$5.50 per 100g"},
{"product_name": "Birch & Waite Free Range Seafood Sauce Parsley Dill & Tarragon | 250mL", "price": "$5.25", "unit_price": "$2.10 per 100mL"},
{"product_name": "Griffins Chocolate Mallowpuffs Biscuits | 200g", "price": "$5.20", "unit_price": "$2.60 per 100g"},
{"product_name": "Gaganis Lentils Brown | 1kg", "price": "$5.10", "unit_price": "$5.10 per 1kg"},
{"product_name": "Spam Canned Turkey Oven Roasted | 340g", "price": "$5.00", "unit_price": "$14.71 per 1kg"},
{"product_name": "Coles Finest Artisan Lavosh Apricot & Cinnamon Myrtle | 100g", "price": "$5.00", "unit_price": "$5.00 per 100g"},
{"product_name": "White Wings In A Cup Cinnamon Doughnut | 220g", "price": "$5.00", "unit_price": "$2.27 per 100g"},
{"product_name": "Lotus Peak Bubble Tea Coffee | 490mL", "price": "$5.00", "unit_price": null},
{"product_name": "Rosella Enchilada Soup Kit | 208g", "price": "$5.00", "unit_price": "$2.40 per 100g"},
{"product_name": "Rosella Lentil & Chickpea Soup Kit | 208g", "price": "$5.00", "unit_price": "$2.40 per 100g"},
{"product_name": "Dollar Sweets Edible Markers | 8 each", "price": "$5.00", "unit_price": "$0.63 per 1ea"},
{"product_name": "Buddee Chocolate Spread | 270g", "price": "$5.00", "unit_price": "$1.85 per 100g"},
{"product_name": "Buddee Crunchy Spread | 270g", "price": "$5.00", "unit_price": "$1.85 per 100g"},
{"product_name": "Coles Premium Pineapple Pieces | 200g", "price": "$5.00", "unit_price": "$2.50 per 100g"},
{"product_name": "Hoyts Poppy Seeds | 240g", "price": "$5.00", "unit_price": "$0.21 per 10g"},
{"product_name": "Plum Blossom Beancurd Skin | 125g", "price": "$5.00", "unit_price": "$4.00 per 100g"},
{"product_name": "Coles Bom Liquid Breakfast Strawberry Flavoured 3x250mL | 750mL", "price": "$5.00", "unit_price": "$6.67 per 1L"},
{"product_name": "Coles Ultimate Brownie Baking Mix | 500g", "price": "$5.00", "unit_price": "$1.00 per 100g"},
{"product_name": "Cadbury Marshmallow Santa | 175g", "price": null, "unit_price": null},
{"product_name": "Hoyts Whole Black Pepper | 100g", "price": "$5.00", "unit_price": "$0.50 per 10g"},
{"product_name": "Harvest Vegetables & Steak | 425g", "price": "$5.00", "unit_price": "$11.76 per 1kg"},
{"product_name": "Mingle Green Goddess Seasoning | 40g", "price": "$4.95", "unit_price": "$1.24 per 10g"},
{"product_name": "Matilde Vicenzi Millefoglie D'italia Mini Snack Hazelnut Cream | 125g", "price": "$4.90", "unit_price": "$3.92 per 100g"},
{"product_name": "Easiyo Greek Style Unsweetened Yoghurt | 170g", "price": "$4.90", "unit_price": "$2.88 per 100g"},
{"product_name": "Hot Kid Want Want Cheese Rice Crackers | 108g", "price": "$4.90", "unit_price": "$4.54 per 100g"},
{"product_name": "Splenda Sweetener Sachets | 100 pack", "price": "$4.85", "unit_price": "$4.85 per 100ea"},
{"product_name": "Maggie Beer Plum And Shiraz Paste | 100g", "price": "$4.85", "unit_price": "$4.85 per 100g"},
{"product_name": "Coles Easy To Use Sauce Base Recipe | 500mL", "price": "$4.80", "unit_price": "$0.96 per 100mL"},
{"product_name": "Mcclure's Sweet & Spicy Pickles | 500g", "price": "$4.80", "unit_price": "$9.60 per 1kg"},
{"product_name": "Mother's Recipe Mango Pickle Hot | 500g", "price": "$4.80", "unit_price": "$0.96 per 100g"},
{"product_name": "B2 Pork Luncheon Meat Round | 397g", "price": "$4.70", "unit_price": "$11.84 per 1kg"},
{"product_name": "Tragano Fire Roasted Red Peppers | 480g", "price": "$4.70", "unit_price": "$9.79 per 1kg"},
{"product_name": "Keep It Cleaner Gluten Free Green Pea Penne Pasta | 250g", "price": "$4.60", "unit_price": "$1.84 per 100g"},
{"product_name": "Hemp Foods Gut Health Support Seed Mix | 180g", "price": "$4.40", "unit_price": "$2.44 per 100g"},
{"product_name": "Mingle Better Gravy Traditional Beef | 120g", "price": "$4.40", "unit_price": "$3.67 per 100g"},
{"product_name": "Avalanche Flat White 99% Sugar Free Coffee Sachets | 10 pack", "price": "$4.40", "unit_price": "$0.44 per 1ea"},
{"product_name": "Palirria Vine Leaves Stuffed With Rice | 280g", "price": "$4.40", "unit_price": "$1.57 per 100g"},
{"product_name": "Sweet William Dairy Free Vegan White Chocolate Block | 100g", "price": "$4.30", "unit_price": "$4.30 per 100g"},
{"product_name": "Hikari Red Miso Paste | 400g", "price": "$4.30", "unit_price": "$1.08 per 100g"},
{"product_name": "Green's Gluten Free Salted Caramel Choc Fudge Brownie Mix | 400g", "price": "$4.30", "unit_price": "$1.08 per 100g"},
{"product_name": "Dilmah Lively Lemon Leaf Tea Bags | 20 pack", "price": "$4.30", "unit_price": "$0.22 per 1ea"},
{"product_name": "Dilmah Pure Peppermint Leaf Tea Bags | 10 pack", "price": "$4.30", "unit_price": "$0.43 per 1ea"},
{"product_name": "Sirena Fried Rice With Chicken | 190g", "price": "$4.30", "unit_price": "$2.26 per 100g"},
{"product_name": "Colman's Mint Sauce | 165g", "price": "$4.30", "unit_price": "$2.61 per 100g"},
{"product_name": "Nerada Organic Teabag Rooibos | 50 pack", "price": "$4.25", "unit_price": "$0.09 per 1ea"},
{"product_name": "Nerada Organic Teabag Rooibos & Honeybush | 50 pack", "price": "$4.25", "unit_price": "$0.09 per 1ea"},
{"product_name": "MasterFoods Roast Vegetable Seasoning | 38g", "price": "$4.20", "unit_price": "$1.11 per 10g"},
{"product_name": "Siena Sugo Presto Al Basilico Pasta Sauce | 680g", "price": "$4.20", "unit_price": "$0.62 per 100g"},
{"product_name": "Coles Australian Pure Honey Squeeze | 250g", "price": null, "unit_price": null},
{"product_name": "Le Conserve Della Nonna Lampomodoro Pasta Sauce | 700g", "price": "$4.20", "unit_price": "$0.60 per 100g"},
{"product_name": "Le Italiane Filled Candy Blood Orange | 100g", "price": "$4.10", "unit_price": "$4.10 per 100g"},
{"product_name": "MasterFoods Red Wine & Garlic Marinade | 375g", "price": "$4.00", "unit_price": "$1.07 per 100g"},
{"product_name": "Always Fresh Capers Vinegar | 230g", "price": "$4.00", "unit_price": "$17.39 per 1kg"},
{"product_name": "Tropeaka Delicious Gut Bar Double Chocolate Fudge | 50g", "price": "$4.00", "unit_price": "$8.00 per 100g"},
{"product_name": "Coles Natures Kitchen Italian Style Meat-Free Mince | 100g", "price": "$4.00", "unit_price": "$4.00 per 100g"},
{"product_name": "Something To Crow About Crispy Coated Nuts Maple Walnut | 130g", "price": "$4.00", "unit_price": "$3.08 per 100g"},
{"product_name": "Something To Crow About Crispy Coated Nuts Chilli Lime Almonds | 140g", "price": "$4.00", "unit_price": "$2.86 per 100g"},
{"product_name": "Coles No Added Sugar Mylk Chocolate & Coconut | 100g", "price": "$4.00", "unit_price": "$4.00 per 100g"},
{"product_name": "Always Fresh Mediterranean Snack Bites Truffle | 120g", "price": "$4.00", "unit_price": null},
{"product_name": "Heinz Seriously GoodÂ Vegan Garlic Lovers Aioli Mayonnaise | 270mL", "price": "$4.00", "unit_price": "$1.48 per 100mL"},
{"product_name": "Heinz Seriously Good Mayonnaise Vegan Mayo | 270mL", "price": "$4.00", "unit_price": "$1.48 per 100mL"},
{"product_name": "Olinas Lavosh New French Onion & Pepper Crackers | 110g", "price": "$4.00", "unit_price": "$3.64 per 100g"},
{"product_name": "MasterFoods Australian Mustard | 175g", "price": "$4.00", "unit_price": "$2.29 per 100g"},
{"product_name": "Burgerman Original Sauce | 110g", "price": "$4.00", "unit_price": "$3.64 per 100g"},
{"product_name": "Arnott's Obsession Chocolate Biscuit Salted Caramel | 115g", "price": "$4.00", "unit_price": "$3.48 per 100g"},
{"product_name": "Chicken Tonight Indian Chunky Vegetable Curry with Carrot & Onion Simmer Sauce | 480g", "price": "$3.60", "unit_price": "$0.75 per 100g"},
{"product_name": "White Wings Cheesecake Layer | 200g", "price": "$3.60", "unit_price": "$1.80 per 100g"},
{"product_name": "Chicken Tonight Pub Favourites Chicken Kiev | 500g", "price": "$3.60", "unit_price": "$0.72 per 100g"},
{"product_name": "Nestle Plaistowe Baking White Chocolate Block | 180g", "price": "$3.50", "unit_price": "$1.94 per 100g"},
{"product_name": "Wicked European Style Pickled Cucumbers | 680g", "price": "$3.50", "unit_price": "$5.15 per 1kg"},
{"product_name": "Snackboy Keto Ball Keto Ball Cookie Dough | 40g", "price": "$3.50", "unit_price": "$8.75 per 100g"},
{"product_name": "Snackboy Keto Ball Keto Ball Hazelnut Brownie | 40g", "price": "$3.50", "unit_price": "$8.75 per 100g"},
{"product_name": "Snackboy Macro Mike Pro Macro Mike Protein Ball White Choc Cookie Butter | 40g", "price": "$3.50", "unit_price": "$8.75 per 100g"},
{"product_name": "Snackboy Macro Mike Pro Macro Mike Protein Ball Chocolate Peanut Butter Cup | 40g", "price": "$3.50", "unit_price": "$8.75 per 100g"},
{"product_name": "Leggos Tomato Paste Infused With Roasted Garlic | 250g", "price": "$3.50", "unit_price": "$1.40 per 100g"},
{"product_name": "BC Snacks Dark Chocolate Orange Energy Bar | 40g", "price": "$3.50", "unit_price": "$8.75 per 100g"},
{"product_name": "John West Protein + Calcium Tuna Dip Sea Salt Lemon & Parsley Crackers | 94g", "price": "$3.50", "unit_price": "$37.23 per 1kg"},
{"product_name": "Ben's Original Rice Fibre Beans Garlic And Brown Rice Pouch | 180g", "price": "$3.50", "unit_price": "$1.94 per 100g"},
{"product_name": "OB Finest Fig Fruit Paste | 100g", "price": "$5.50", "unit_price": "$5.50 per 100g"},
{"product_name": "Coles I'M Free From Clusters  Honey & Almond | 350g", "price": "$5.50", "unit_price": "$1.57 per 100g"},
{"product_name": "OB Finest Natural Sour Dough Crispbread | 110g", "price": "$5.50", "unit_price": "$5.00 per 100g"},
{"product_name": "Well Naturally No Sugar Added Milk Chocolate Coconut Delight | 90g", "price": "$5.50", "unit_price": "$6.11 per 100g"},
{"product_name": "Sunbeam Mixed Dried Fruit | 375g", "price": "$5.50", "unit_price": "$14.67 per 1kg"},
{"product_name": "Gaganis Nostimini Shakers | 175g", "price": "$5.50", "unit_price": "$3.14 per 100g"},
{"product_name": "Altimate Salted Caramel Waffle Cones | 355mL", "price": "$5.40", "unit_price": "$1.52 per 100mL"},
{"product_name": "Coles Turkish Delight | 190g", "price": "$5.40", "unit_price": "$2.84 per 100g"},
{"product_name": "Queen Metallic Icing Writing Gel 5 Pack | 105g", "price": "$5.25", "unit_price": "$5.00 per 100g"},
{"product_name": "Queen Writing Icing Multipack Colour Tubes 5 pack | 105g", "price": "$5.25", "unit_price": "$5.00 per 100g"},
{"product_name": "Sanitarium Up And Go Strawberry Cereal 3x250mL | 750mL", "price": "$5.20", "unit_price": "$6.93 per 1L"},
{"product_name": "Gaganis Original Sesame Halva With Cocoa | 250g", "price": "$5.20", "unit_price": "$2.08 per 100g"},
{"product_name": "Blue Label Molasses | 550g", "price": "$5.10", "unit_price": "$0.93 per 100g"},
{"product_name": "Coles Bom Liquid Breakfast Vanilla Flavoured 3x250mL | 750mL", "price": "$5.00", "unit_price": "$6.67 per 1L"},
{"product_name": "Coco Earth Certified Organic Coconut Flour | 500g", "price": "$5.00", "unit_price": "$10.00 per 1kg"},
{"product_name": "Sharwood's Butter Chicken Simmer Sauce | 420g", "price": "$5.00", "unit_price": "$1.19 per 100g"},
{"product_name": "Greens Temptations Chocolate Mousse | 185g", "price": "$5.00", "unit_price": "$2.70 per 100g"},
{"product_name": "SPC Pears Sliced Fruit In Juice | 825g", "price": "$5.00", "unit_price": "$6.06 per 1kg"},
{"product_name": "Marion's Kitchen Gluten Free Honey Soy Garlic Marinade | 240mL", "price": "$5.00", "unit_price": "$2.08 per 100mL"},
{"product_name": "Barilla Basil And Rocket Pesto Pasta Sauce | 190g", "price": "$5.00", "unit_price": "$2.63 per 100g"},
{"product_name": "Mingle Citrus Pepper Seasoning | 35g", "price": "$4.95", "unit_price": "$1.41 per 10g"},
{"product_name": "Gaganis Dry Greek Figs | 284g", "price": "$4.90", "unit_price": "$17.25 per 1kg"},
{"product_name": "Queen Glucose Syrup | 500g", "price": "$4.90", "unit_price": "$0.98 per 100g"},
{"product_name": "Matilde Vicenzi Millefoglie D'italia Mini Snack Vanilla Cream | 125g", "price": "$4.90", "unit_price": "$3.92 per 100g"},
{"product_name": "Orgran Gluten Free Spirals Pasta Rice & Vegetable | 350g", "price": "$4.90", "unit_price": "$1.40 per 100g"},
{"product_name": "180 Degrees Cheese Bites | 150g", "price": "$4.80", "unit_price": "$3.20 per 100g"},
{"product_name": "Sandhurst Sun Dried Tomatoes Fat Free | 125g", "price": "$4.80", "unit_price": "$38.40 per 1kg"},
{"product_name": "Maggie Beer Australian Red Wine Finishing Sauce | 170g", "price": "$4.75", "unit_price": "$2.79 per 100g"},
{"product_name": "Aofc Organic Bolognese Pasta Sauce Pouch | 400g", "price": "$4.75", "unit_price": "$1.19 per 100g"},
{"product_name": "The Spice Tailor Malabar Biryani | 360g", "price": "$4.75", "unit_price": "$1.32 per 100g"},
{"product_name": "Pot Noodle Chicken & Mushroom Flavour Noodles | 94g", "price": "$4.70", "unit_price": "$5.00 per 100g"},
{"product_name": "Easiyo Strawberry Yoghurt | 230g", "price": "$4.90", "unit_price": "$2.13 per 100g"},
{"product_name": "Keep It Cleaner Chickpea Penne Pasta | 250g", "price": "$4.60", "unit_price": "$1.84 per 100g"},
{"product_name": "Delverde Pasta Maniche | 500g", "price": "$4.55", "unit_price": "$0.91 per 100g"},
{"product_name": "Coles Organic Self Raising Flour | 1kg", "price": "$4.50", "unit_price": "$4.50 per 1kg"},
{"product_name": "Ben's Original Rice 10+ Mexican Style Pouch | 240g", "price": "$4.50", "unit_price": "$1.88 per 100g"},
{"product_name": "Ben's Original Rice 10+ Chinese Style Pouch | 240g", "price": "$4.50", "unit_price": "$1.88 per 100g"},
{"product_name": "Well & Good Vegan Bolognese With Macaroni | 110g", "price": "$4.50", "unit_price": "$4.09 per 100g"},
{"product_name": "Three Threes Stuffed Olives | 500g", "price": "$4.50", "unit_price": "$9.00 per 1kg"},
{"product_name": "Carmans Sourdough Crackers Rosemary Pepper | 130g", "price": "$4.50", "unit_price": "$3.46 per 100g"},
{"product_name": "Sirena Ready To Eat Meal Chicken Bolognese | 190g", "price": "$4.30", "unit_price": "$2.26 per 100g"},
{"product_name": "Green's Gluten Free Apple & Cinnamon Muffin Mix | 385g", "price": "$4.30", "unit_price": "$1.12 per 100g"},
{"product_name": "Osha Hot Pot Wide Glass Noodles | 400g", "price": "$4.30", "unit_price": "$1.08 per 100g"},
{"product_name": "Equal Sweetener Tablets | 100 pack", "price": "$4.20", "unit_price": "$4.20 per 100ea"},
{"product_name": "Greenback Salted Caramel Plant Protein Bar | 50g", "price": "$4.20", "unit_price": "$8.40 per 100g"},
{"product_name": "Greens Gravy Granules Chicken | 120g", "price": "$4.20", "unit_price": "$3.50 per 100g"},
{"product_name": "MasterFoods Roast Lamb Seasoning | 42g", "price": "$4.20", "unit_price": "$1.00 per 10g"},
{"product_name": "Nando's Lemon & Herb Quick Marinade | 260g", "price": "$4.15", "unit_price": "$1.60 per 100g"},
{"product_name": "Blue Bird Original Green Onion Cut Chips | 150g", "price": "$4.10", "unit_price": "$2.73 per 100g"},
{"product_name": "Gaganis Premium Green Split Peas | 1kg", "price": "$4.10", "unit_price": "$4.10 per 1kg"},
{"product_name": "Greens Pancake Shake Raspberry And White Chocolate | 300g", "price": "$4.00", "unit_price": "$1.33 per 100g"},
{"product_name": "Tropeaka Delicious Gut Bar Caramel Chocolate Fudge | 50g", "price": "$4.00", "unit_price": "$8.00 per 100g"},
{"product_name": "Ayam Black Pepper Sauce | 210mL", "price": "$4.00", "unit_price": null},
{"product_name": "Allen's Lollies Big Aussie Road Trip | 170g", "price": "$4.00", "unit_price": "$2.35 per 100g"},
{"product_name": "Gaganis Sauerkraut & Carrot Polish | 900g", "price": "$4.00", "unit_price": "$4.44 per 1kg"},
{"product_name": "Ben's Original Rice Pouch Lightly Flavoured Lime | 250g", "price": "$4.00", "unit_price": "$1.60 per 100g"},
{"product_name": "Wicked Burger Pickles | 500g", "price": "$4.00", "unit_price": "$8.00 per 1kg"},
{"product_name": "Greens Pancake Shake Banana Caramel | 300g", "price": "$4.00", "unit_price": "$1.33 per 100g"},
{"product_name": "Masterfoods One Pan Rice Spanish Style Paella | 250g", "price": "$4.00", "unit_price": "$1.60 per 100g"},
{"product_name": "Daisho Donburi Japanese Pork On Rice Sauce | 175g", "price": "$4.00", "unit_price": "$2.29 per 100g"},
{"product_name": "Arnott's Obsession Chocolate Biscuit Mint | 115g", "price": "$4.00", "unit_price": "$3.48 per 100g"},
{"product_name": "Coles Urban Coffee Culture Decaf Aluminium | 10 pack", "price": "$4.00", "unit_price": "$0.40 per 1ea"},
{"product_name": "Coles Perform Elite Whey High Protein Bar Milk Chocolate Fudge Brownie | 60g", "price": "$4.00", "unit_price": "$6.67 per 100g"},
{"product_name": "Supa Snax Trail Mix | 200g", "price": "$4.00", "unit_price": "$20.00 per 1kg"},
{"product_name": "John West Protein+ Bowl Tom & Cous Cous | 170g", "price": "$4.00", "unit_price": "$23.53 per 1kg"},
{"product_name": "Koo Guava Halves In Syrup | 410g", "price": "$4.00", "unit_price": "$9.76 per 1kg"},
{"product_name": "Coles Premium Traditional Gravy | 200mL", "price": "$4.00", "unit_price": "$2.00 per 100mL"},
{"product_name": "Barkers Of Nz Butterscotch Sauce | 365g", "price": "$4.00", "unit_price": "$1.10 per 100g"},
{"product_name": "F.Whitlocks Baked Beans Makhani Style | 420g", "price": "$3.80", "unit_price": "$9.05 per 1kg"},
{"product_name": "Coles Flavour Creations Home Style 8 Veg & Chicken Soup | 430g", "price": "$3.80", "unit_price": "$0.88 per 100g"},
{"product_name": "Coles Flavour Creations Pulled Lamb Pearl Barley & Lentil Soup | 430g", "price": "$3.80", "unit_price": "$0.88 per 100g"},
{"product_name": "Jarrah After Dark Hazelnut Latte Affogato | 6 pack", "price": "$3.75", "unit_price": "$0.63 per 1ea"},
{"product_name": "Jarrah After Dark Caramel Latte Espresso Martini | 6 pack", "price": "$3.75", "unit_price": "$0.63 per 1ea"},
{"product_name": "Always Fresh Piquillo Peppers | 285g", "price": "$3.70", "unit_price": "$12.98 per 1kg"},
{"product_name": "Sandhurst Marinated Artichoke Quarters 97% Fat Free | 170g", "price": "$3.70", "unit_price": "$21.76 per 1kg"},
{"product_name": "John West Wild Scottish Mackerel Fillets In Sriracha Sauce | 125g", "price": "$3.60", "unit_price": "$28.80 per 1kg"},
{"product_name": "Chicken Tonight Cashew Satay Simmer Sauce | 500g", "price": "$3.60", "unit_price": "$0.72 per 100g"},
{"product_name": "Gaganis Fine Semolina | 1kg", "price": "$3.50", "unit_price": "$0.35 per 100g"},
{"product_name": "Heinz Big Eat Spaghetti Bolognese | 410g", "price": "$3.50", "unit_price": "$8.54 per 1kg"},
{"product_name": "Raise The Bar White Chocolate Berry Nutrition Bar | 45g", "price": "$3.50", "unit_price": "$7.78 per 100g"},
{"product_name": "Raise The Bar Milk Chocolate Brownie Nutrition Bar | 45g", "price": "$3.50", "unit_price": "$7.78 per 100g"},
{"product_name": "Keep It Cleaner Bliss Bar Sea Salt Caramel | 40g", "price": "$3.50", "unit_price": "$8.75 per 100g"},
{"product_name": "Campbells Real Stock Flavour Boost Soy Hon & Garlic | 250mL", "price": "$3.50", "unit_price": "$1.40 per 100mL"},
{"product_name": "ATP Science Noway Birthday Cake Collagen Marshmallow Bar | 50g", "price": "$3.50", "unit_price": "$7.00 per 100g"},
{"product_name": "ATP Science Noway Vanilla Collagen Marshmallow Bar | 50g", "price": "$3.50", "unit_price": "$7.00 per 100g"},
{"product_name": "Continental Sensations Cup-A-Soup Chicken Paella 2s | 61g", "price": "$3.50", "unit_price": "$5.74 per 100g"},
{"product_name": "Kurrajong Kitchen Lavosh Twin Pack | 100g", "price": "$3.50", "unit_price": "$3.50 per 100g"},
{"product_name": "Keens Honey Mustard Recipe Base | 285g", "price": "$3.50", "unit_price": "$1.23 per 100g"},
{"product_name": "Campbell's Real Stock Flavour Boost Garlic & Rosemary | 250mL", "price": "$3.50", "unit_price": "$1.40 per 100mL"},
{"product_name": "Coles Perform Elite Plant High Protein Powder Vanilla | 40g", "price": "$3.50", "unit_price": "$8.75 per 100g"},
{"product_name": "Ben's Original Rice Protein Lentils Turmeric And Brown Rice Pouch | 180g", "price": "$3.50", "unit_price": "$1.94 per 100g"},
{"product_name": "Hart & Soul Pouch Soup Chunky Chickpea & Vegetable | 400g", "price": "$3.50", "unit_price": "$0.88 per 100g"},
{"product_name": "Heinz Plant Proteinz Soup Creamy Coconut Pumpkin And Chickpea | 330g", "price": "$3.50", "unit_price": "$1.06 per 100g"},
{"product_name": "Hart & Soul Gluten Free Spiced Lentil Soup Pouch | 400g", "price": "$3.50", "unit_price": "$0.88 per 100g"},
{"product_name": "Hart & Soul All Natural Pho Soup With Konjac Pouch | 400g", "price": "$3.50", "unit_price": "$0.88 per 100g"},
{"product_name": "Hart & Soul Laksa Soup Pouch | 400g", "price": "$3.50", "unit_price": "$0.88 per 100g"},
{"product_name": "Coles Rose Icing Figurines | 12g", "price": "$3.50", "unit_price": "$29.17 per 100g"},
{"product_name": "La Costena Refried Pinto Beans | 400g", "price": "$3.50", "unit_price": "$0.88 per 100g"},
{"product_name": "Amy's Kitchen Organic Split Pea Soup Canned | 400g", "price": "$3.50", "unit_price": "$0.88 per 100g"},
{"product_name": "BC Snacks Salted Caramel Chocolate Crunch High Protein Bar | 40g", "price": "$3.50", "unit_price": "$8.75 per 100g"},
{"product_name": "Slendier Angel Hair Style Pasta | 400g", "price": "$3.10", "unit_price": "$0.78 per 100g"},
{"product_name": "MasterFoods Thai Green Curry Recipe Base | 175g", "price": "$3.00", "unit_price": "$1.71 per 100g"},
{"product_name": "MasterFoods Slow Cooker Lamb Casserole Recipe Base | 175g", "price": "$3.00", "unit_price": "$1.71 per 100g"},
{"product_name": "Valcom Lemongrass | 100g", "price": "$3.00", "unit_price": "$30.00 per 1kg"},
{"product_name": "Always Fresh Bread And Butter Cucumber | 380g", "price": "$3.00", "unit_price": "$7.89 per 1kg"},
{"product_name": "Tom & Luke Peanut Butter & Cacao Snackaballs | 88g", "price": "$3.00", "unit_price": "$3.41 per 100g"},
{"product_name": "Bounce Keto Good Fat Bar Almond Vanilla | 35g", "price": "$3.00", "unit_price": "$8.57 per 100g"},
{"product_name": "Masterfoods Mediterranean Style Chicken Recipe Base | 175g", "price": "$3.00", "unit_price": "$1.71 per 100g"},
{"product_name": "La Zuppa Microwaveable Soup Bowl Pumpkin Soup | 420g", "price": "$3.00", "unit_price": "$0.71 per 100g"},
{"product_name": "La Zuppa One-Pot Dish Sweet Potato Dahl With Coconut & Turmeric | 300g", "price": "$3.00", "unit_price": "$1.00 per 100g"},
{"product_name": "La Zuppa One-Pot Dish Thai Red Curry With Chickpea And Pumpkin | 300g", "price": "$3.00", "unit_price": "$1.00 per 100g"},
{"product_name": "La Zuppa One-Pot Dish Chicken Korma With Vegetables | 300g", "price": "$3.00", "unit_price": "$1.00 per 100g"},
{"product_name": "Atkins Low Carb  White Chocolate Swiss Roll | 30g", "price": "$3.00", "unit_price": "$10.00 per 100g"},
{"product_name": "SPC Two Fruits 25% Less Sugar | 400g", "price": "$3.00", "unit_price": "$7.50 per 1kg"},
{"product_name": "Mighty Bellies Sour Sultanas Apple Flavoured | 6 pack", "price": "$3.00", "unit_price": "$3.57 per 100g"},
{"product_name": "Suraya Palm Sugar | 500g", "price": "$3.00", "unit_price": "$0.60 per 100g"},
{"product_name": "Coles Bake & Create Polka Dot Party Candles | 16 piece", "price": "$3.00", "unit_price": "$0.19 per 1ea"},
{"product_name": "Gaganis Premium Raw Sunflower Kernals | 500g", "price": "$2.80", "unit_price": "$0.56 per 100g"},
{"product_name": "Gravox Diane Sauce Liquid Pouch | 165g", "price": "$2.80", "unit_price": "$1.70 per 100g"},
{"product_name": "Twin Elephants Green Jackfruit | 540g", "price": "$2.80", "unit_price": "$0.52 per 100g"},
{"product_name": "Gravox Roast Meat With Red Wine & Garlic Liquid Gravy Pouch | 165g", "price": "$2.80", "unit_price": "$1.70 per 100g"},
{"product_name": "Coles Asia Sweet Soy Sauce | 500mL", "price": "$2.80", "unit_price": "$0.56 per 100mL"},
{"product_name": "Darrel Lea Life Savers Musk & Raspberry Block | 180g", "price": "$2.75", "unit_price": "$1.53 per 100g"},
{"product_name": "Continental Sensations Recipe Base Spanish Paela | 44g", "price": "$2.75", "unit_price": "$6.25 per 100g"},
{"product_name": "Mckenzies Five Bean Mix | 375g", "price": "$2.60", "unit_price": "$0.69 per 100g"},
{"product_name": "Blue Dinosaur Bites Chocolate Brownie | 30g", "price": "$2.60", "unit_price": "$8.67 per 100g"},
{"product_name": "Lee Kum Kee Salt Reduced Soy Sauce | 150mL", "price": "$2.55", "unit_price": "$1.70 per 100mL"},
{"product_name": "Coles Asparagus Cuts & Tips Can | 425g", "price": "$2.50", "unit_price": "$5.88 per 1kg"},
{"product_name": "San Remo Active Plus Pasta Spaghetti | 400g", "price": "$2.50", "unit_price": "$0.63 per 100g"},
{"product_name": "Edgell Organic Red Kidney Beans No Added Salt | 400g", "price": "$2.50", "unit_price": "$6.25 per 1kg"},
{"product_name": "Tasti Smooshed Wholefood Balls Cacao Brownie | 69g", "price": "$2.50", "unit_price": "$3.62 per 100g"},
{"product_name": "Tasti Peanut Butter & Caramel Smooshed Wholefood Balls 6 pack | 69g", "price": "$2.50", "unit_price": "$3.62 per 100g"},
{"product_name": "Taste Chili Con Carne Recipe Base | 180g", "price": "$2.10", "unit_price": "$1.17 per 100g"},
{"product_name": "Taste Slow Cooker Beef Ragu Recipe Base | 180g", "price": "$2.10", "unit_price": "$1.17 per 100g"},
{"product_name": "Taste Sticky Honey Soy Chicken Recipe Base | 180g", "price": "$2.10", "unit_price": "$1.17 per 100g"},
{"product_name": "Taste One Pan Rustic Meatballs Recipe Base | 180g", "price": "$2.10", "unit_price": "$1.17 per 100g"},
{"product_name": "Rosella Creamy Pumpkin Soup | 390g", "price": "$2.00", "unit_price": "$0.51 per 100g"},
{"product_name": "Outback Spirit Peri-Peri Wild Lime Sauce | 245mL", "price": "$5.00", "unit_price": "$2.04 per 100mL"},
{"product_name": "Coles Simmer Sauce Satay | 500g", "price": "$2.00", "unit_price": "$0.40 per 100g"},
{"product_name": "Mingle Seasoning Curry In A Hurry Spice | 30g", "price": "$1.95", "unit_price": "$195.00 per 100g"},
{"product_name": "McKenzie's Chickpeas | 375g", "price": "$1.90", "unit_price": "$0.51 per 100g"},
{"product_name": "Maggi Air Fryer Crispy Salt And Pepper Seasoning | 35g", "price": "$1.80", "unit_price": "$5.14 per 100g"},
{"product_name": "Hoyts Marjoram | 25g", "price": "$1.80", "unit_price": "$0.72 per 10g"},
{"product_name": "Golden Circle Apple Pineapple and Banana Tropical Smash | 120g", "price": "$1.80", "unit_price": "$15.00 per 1kg"},
{"product_name": "Golden Circle Berry Buzz Squeezy Pouch | 120g", "price": "$1.80", "unit_price": "$15.00 per 1kg"},
{"product_name": "Golden Circle Strawberry Squeeze Squeezy Pouch | 120g", "price": "$1.80", "unit_price": "$15.00 per 1kg"},
{"product_name": "Maggi Gluten Free Side Dishes Potato Bake Cheese And Garlic | 23g", "price": "$1.75", "unit_price": "$7.61 per 100g"},
{"product_name": "Maggi Slow Cook Sauce Beef Casserole | 35g", "price": "$1.75", "unit_price": "$5.00 per 100g"},
{"product_name": "Continental Cream Of Chicken Soup Serves 4 | 45g", "price": "$1.70", "unit_price": "$3.78 per 100g"},
{"product_name": "Well Naturally No Sugar Added Dark Chocolate Bar Mint Crisp | 45g", "price": "$1.57", "unit_price": "$3.49 per 100g"},
{"product_name": "Hart & Soul Soup Pho Cup | 100g", "price": "$1.50", "unit_price": "$1.50 per 100g"},
{"product_name": "Aeroplane Lime Jelly Crystals 30% Reduced Sugar | 85g", "price": "$1.45", "unit_price": "$1.71 per 100g"},
{"product_name": "John West Protein + Calcium Tuna:Chilli | 90g", "price": "$1.45", "unit_price": "$16.11 per 1kg"},
{"product_name": "Queen Green Food Colour | 50mL", "price": "$1.20", "unit_price": "$0.24 per 10mL"},
{"product_name": "Jinmailang Emperor Spicy Chicken Noodles  | 114g", "price": "$1.20", "unit_price": "$1.05 per 100g"},
{"product_name": "The Lady Shake Meal Replacement Variety 14 Pack | 784g", "price": "$55.00", "unit_price": "$7.02 per 100g"},
{"product_name": "Vital Strength Hydroxy Ripped Chocolate Thermogenic Protein Powder | 600g", "price": "$52.00", "unit_price": "$8.67 per 100g"},
{"product_name": "Moro Primero Extra Virgin Olive Oil | 4L", "price": "$48.00", "unit_price": "$1.20 per 100mL"},
{"product_name": "Moro Delicado Light Taste Olive Oil | 4L", "price": "$48.00", "unit_price": "$1.20 per 100mL"},
{"product_name": "Moccona Barista Reserve Medium Roast Coffee Beans | 1kg", "price": "$36.00", "unit_price": "$3.60 per 100g"},
{"product_name": "Cadbury Favourites Games Sports Edition Chocolate Collectible Tin | 600g", "price": "$34.00", "unit_price": "$5.67 per 100g"},
{"product_name": "Amazonia Isolate Vanilla Raw Protein Powder | 390g", "price": "$28.00", "unit_price": "$7.18 per 100g"},
{"product_name": "Grinders Cafe Q Darkoko Coffee Beans | 500g", "price": "$26.00", "unit_price": "$5.20 per 100g"},
{"product_name": "Lavazza Tales Of Italy Alluring Napoli Premium Coffee Beans | 500g", "price": "$25.00", "unit_price": "$5.00 per 100g"},
{"product_name": "Jordans Crunchy Simply Oat Granola | 1.5kg", "price": "$12.00", "unit_price": "$0.80 per 100g"},
{"product_name": "Muscle Nation Protein Pancakes Original 200g | 1 each", "price": "$12.00", "unit_price": "$6.00 per 100g"},
{"product_name": "Moccona Cafe Classics Caramel Latte Sachets | 30 pack", "price": "$12.00", "unit_price": "$0.40 per 1ea"},
{"product_name": "Sunbeam Australian Nuts Natural Pistachios | 130g", "price": "$11.50", "unit_price": "$88.46 per 1kg"},
{"product_name": "Republica Organic Capsules Paris | 20 pack", "price": "$11.50", "unit_price": "$0.58 per 1ea"},
{"product_name": "Dilmah Premium Pure Ceylon Tea Bags 200 pack | 400g", "price": "$11.50", "unit_price": "$0.06 per 1ea"},
{"product_name": "Ferrero Raffaello Coconut And Almond Gift Box 15 Pack | 150g", "price": "$11.00", "unit_price": "$7.33 per 100g"},
{"product_name": "Nescafe Flat White Coffee Sachets | 26 pack", "price": "$11.00", "unit_price": "$0.42 per 1ea"},
{"product_name": "Hellmann's Real Mayonnaise Jar | 800g", "price": "$11.00", "unit_price": "$1.38 per 100g"},
{"product_name": "Laucke German Grain Bread Mix | 2.4g", "price": "$10.90", "unit_price": "$4.54 per 1kg"},
{"product_name": "Carman's Bars Indulgent Milk Chocolate Classic | 360g", "price": "$10.80", "unit_price": "$3.00 per 100g"},
{"product_name": "Fray Bentos Steak & Kidney Pie with Puff Pastry | 425g", "price": "$10.50", "unit_price": "$24.71 per 1kg"},
{"product_name": "Bc High Protein Bar Raspberry Truffle 4 Pack | 160g", "price": "$10.00", "unit_price": "$6.25 per 100g"},
{"product_name": "Jed's No.5 Extra Strong Ground Coffee | 200g", "price": "$10.00", "unit_price": "$5.00 per 100g"},
{"product_name": "Health Lab Charlottes Fix Mylk Chocolate Bars 4X40G | 160g", "price": "$10.00", "unit_price": "$6.25 per 100g"},
{"product_name": "Health Lab Mirandas Delight Mylk Chocolate Bars 4x40g | 160g", "price": "$10.00", "unit_price": "$6.25 per 100g"},
{"product_name": "McDonnells Curry Sauce | 250g", "price": "$10.00", "unit_price": "$4.00 per 100g"},
{"product_name": "Red Tractor Hulled Hemp Seeds  | 200g", "price": "$10.00", "unit_price": "$5.00 per 100g"},
{"product_name": "Aussie Bodies Lo Carb Whip'd Cookies & Cream Protein Bar | 120g", "price": "$10.00", "unit_price": "$8.33 per 100g"},
{"product_name": "Espressotoria Vittoria Coffee Mountain Grown Coffee Capsules | 12 pack", "price": "$10.00", "unit_price": "$0.83 per 1ea"},
{"product_name": "Sunbeam Australian Nuts Natural Walnuts | 300g", "price": "$9.60", "unit_price": "$32.00 per 1kg"},
{"product_name": "Darrell Lea Raspberry Bullets Assorted Gift Box | 400g", "price": "$9.50", "unit_price": "$2.38 per 100g"},
{"product_name": "Hamper Original Corned Beef | 454g", "price": "$9.50", "unit_price": "$20.93 per 1kg"},
{"product_name": "Old El Paso Tortilla Pockets Kit Original Mexican Style | 375g", "price": "$9.50", "unit_price": "$2.53 per 100g"},
{"product_name": "Old El Paso Stand N Stuff Soft Taco Kit Mexican Style | 348g", "price": "$9.50", "unit_price": "$2.73 per 100g"},
{"product_name": "Chatime Original Milk Bubble Tea | 4 pack", "price": "$9.00", "unit_price": "$2.25 per 1ea"},
{"product_name": "Maggie Beer Natural Beef Stock | 1L", "price": "$9.00", "unit_price": "$0.90 per 100mL"},
{"product_name": "Callipo Solid Light Tuna In Olive Oil 2 Pack | 320g", "price": "$9.00", "unit_price": "$28.13 per 1kg"},
{"product_name": "Arnott's Teeny Tiny Teddy Cereal Caramel | 580g", "price": "$8.90", "unit_price": "$1.53 per 100g"},
{"product_name": "Lakanto Golden Monkfruit Sweetener Raw Sugar Replacement | 300g", "price": "$8.90", "unit_price": "$2.97 per 100g"},
{"product_name": "Noshu Low Carb Coconut Bliss Indulgence Bars | 160g", "price": "$8.90", "unit_price": "$5.56 per 100g"},
{"product_name": "Patak's Butter Chicken Curry Paste | 312g", "price": "$7.50", "unit_price": "$2.40 per 100g"},
{"product_name": "Vittoria Long Black Coffee Bags | 20 pack", "price": "$7.50", "unit_price": "$0.38 per 1ea"},
{"product_name": "Roll'D Dressing Turmeric Lemon & Dill Finishing Sauce | 235mL", "price": "$7.50", "unit_price": "$3.19 per 100mL"},
{"product_name": "Nice & Natural Fruit Mythical Mix | 16 pack", "price": "$7.50", "unit_price": "$0.47 per 1ea"},
{"product_name": "Tom & Luke Snackaballs Peanut Butter & Cacao Pot | 224g", "price": "$7.50", "unit_price": "$3.35 per 100g"},
{"product_name": "Queen Natural Vanilla Concentrated Extract | 50mL", "price": "$7.40", "unit_price": "$1.48 per 10mL"},
{"product_name": "Sweet William Dairy Free Vegan Rice Crackle Chocolate Koalas Sharepack | 180g", "price": "$7.30", "unit_price": "$4.06 per 100g"},
{"product_name": "Truvia Natural Sweetner Granules Tub | 270g", "price": "$7.20", "unit_price": "$2.67 per 100g"},
{"product_name": "Betty Crocker Chocolate Fudge Cake Mix | 540g", "price": "$7.00", "unit_price": "$1.30 per 100g"},
{"product_name": "Aurora Freeze Dried Italian Style Coffee | 100g", "price": "$7.00", "unit_price": "$7.00 per 100g"},
{"product_name": "Betty Crocker Peanut Butter Cookie | 310g", "price": "$7.00", "unit_price": "$2.26 per 100g"},
{"product_name": "Whole Earth Blue Agave Sweetner Raw | 330g", "price": "$7.00", "unit_price": "$2.12 per 100g"},
{"product_name": "Coco Earth Aloo Paratha | 400g", "price": "$7.00", "unit_price": "$1.75 per 100g"},
{"product_name": "Health Lab Cookie Dough Custard Filled Balls 3x40g | 120g", "price": "$7.00", "unit_price": "$5.83 per 100g"},
{"product_name": "Muscle Nation Protein Baking Chocolate Melts | 150g", "price": "$7.00", "unit_price": "$4.67 per 100g"},
{"product_name": "La Espanola Olive Oil Light | 500mL", "price": "$7.00", "unit_price": "$1.40 per 100mL"},
{"product_name": "Zooper Dooper Fairy Floss  24x70mL | 24 pack", "price": "$7.00", "unit_price": "$0.42 per 100mL"},
{"product_name": "99th Monkey Crunchy Natural Almond Butter | 200g", "price": "$7.00", "unit_price": "$3.50 per 100g"},
{"product_name": "Red Tractor Wheat Free Muesli Fruit & Nuts | 500g", "price": "$7.00", "unit_price": "$1.40 per 100g"},
{"product_name": "Coles Premium Raw Mixed Nuts | 250g", "price": "$7.00", "unit_price": "$28.00 per 1kg"},
{"product_name": "Coles Bom Banana Flavoured Liquid Breakfast 6x250mL | 1.5L", "price": "$7.00", "unit_price": "$4.67 per 1L"},
{"product_name": "Health Lab Hazelnut Choc Nut Butter Balls 3x40g | 120g", "price": "$7.00", "unit_price": "$5.83 per 100g"},
{"product_name": "Betty Crocker Rainbow Cake Mix | 480g", "price": "$7.00", "unit_price": "$1.46 per 100g"},
{"product_name": "Pico Vegan Organic Chocolate Mint Crisp | 80g", "price": "$7.00", "unit_price": "$8.75 per 100g"},
{"product_name": "Julianne's Kitchen Pear And Cinnamon Fruit Paste | 100g", "price": "$7.00", "unit_price": "$7.00 per 100g"},
{"product_name": "Campbell's Bone Broth Beef | 500mL", "price": "$7.00", "unit_price": "$1.40 per 100mL"},
{"product_name": "Nescafe Dolce Gusto Cappuccino Capsules 16 pack | 186g", "price": "$7.00", "unit_price": "$0.44 per 1ea"},
{"product_name": "Madame Flavour Luscious Licorice Tisane Tea Bags 18 Pack | 36g", "price": "$7.00", "unit_price": "$0.39 per 1ea"},
{"product_name": "Whole Earth Monk Fruit 100% Natural Sweetener | 200g", "price": "$6.80", "unit_price": "$3.40 per 100g"},
{"product_name": "Gaganis Hulled Tahini | 375g", "price": "$6.75", "unit_price": "$1.80 per 100g"},
{"product_name": "Noshu Less Sugar Bites:Dark Choc Cherry & Coconut | 100g", "price": "$6.50", "unit_price": "$6.50 per 100g"},
{"product_name": "The Happy Snack Company Lightly Salted Crunchy Roasted Chickpeas | 200g", "price": "$6.25", "unit_price": "$3.13 per 100g"},
{"product_name": "Passage Foods Passage To India Balti Curry Simmer Sauce Pouch | 375g", "price": "$6.20", "unit_price": "$1.65 per 100g"},
{"product_name": "Lipton Decaffeinated Black Tea Bags | 50 pack", "price": "$6.20", "unit_price": "$0.12 per 1ea"},
{"product_name": "The Spice Tailor Thai Green Curry | 275g", "price": "$6.20", "unit_price": "$2.25 per 100g"},
{"product_name": "The Spice Tailor Keralan Coconut Curry | 225g", "price": "$6.20", "unit_price": "$2.76 per 100g"},
{"product_name": "Nando's Garlic & Herb Flavour Shaker | 50g", "price": "$6.00", "unit_price": "$1.20 per 10g"},
{"product_name": "Kettle Natives Honey Orange With Tas Pepper | 150g", "price": "$6.00", "unit_price": "$4.00 per 100g"},
{"product_name": "Arnott's Bluey Muesli Bar Sherbert | 180g", "price": "$6.00", "unit_price": "$3.33 per 100g"},
{"product_name": "Dilmah Premium Tagless Tea Bags | 80 pack", "price": "$6.00", "unit_price": "$0.08 per 1ea"},
{"product_name": "Snackify Beat Box Mix | 5 pack", "price": "$6.00", "unit_price": "$1.20 per 1ea"},
{"product_name": "Darrell Lea Allsorts Liquorice Value Pack | 470g", "price": "$6.00", "unit_price": "$1.28 per 100g"},
{"product_name": "White Wings Unbelievably Good Banana Bread Mix | 510g", "price": "$6.00", "unit_price": "$1.18 per 100g"},
{"product_name": "Coles Premium Orchard Fruit Mix | 300g", "price": "$6.00", "unit_price": "$20.00 per 1kg"},
{"product_name": "Roll'D Hoisin Sauce | 375mL", "price": "$6.00", "unit_price": "$1.60 per 100mL"},
{"product_name": "Happy Snack Company Roasted Chickpeas Dark Choc 5 Pack | 100g", "price": "$6.00", "unit_price": "$6.00 per 100g"},
{"product_name": "Ayam Pure Black Sesame Oil | 210mL", "price": "$6.00", "unit_price": "$2.86 per 100mL"},
{"product_name": "DJ&A Back To Basics Original Shiitake Jerky | 60g", "price": "$6.00", "unit_price": "$10.00 per 100g"},
{"product_name": "Kooee! Jerky Sea Salt | 30g", "price": "$6.00", "unit_price": "$200.07 per 1kg"},
{"product_name": "Hershey's Caramel Flavour Syrup | 623g", "price": "$6.00", "unit_price": "$0.96 per 100g"},
{"product_name": "Coles White Sea Salt Flakes | 250g", "price": "$6.00", "unit_price": "$0.24 per 10g"},
{"product_name": "Gravox Traditional Gravy Mix | 425g", "price": "$6.00", "unit_price": "$1.41 per 100g"},
{"product_name": "Street Kitchen Pad Thai | 285g", "price": "$5.90", "unit_price": "$2.07 per 100g"},
