[
{"product_name": "Coles Strawberries | 250g", "price": "$2.00", "unit_price": "$8.00 per 1kg"},
{"product_name": "Coles Sweet Corn Prepacked | 4 pack", "price": "$5.90", "unit_price": "$1.48 per 1ea"},
{"product_name": "Coles Green Beans loose | approx 250g", "price": "$1.48", "unit_price": "$5.90 per 1kg"},
{"product_name": "Little Tractor Potatoes | 2kg", "price": "$4.00", "unit_price": "$2.00 per 1kg"},
{"product_name": "Coles Glasshouse Grape Tomatoes | 200g", "price": "$3.50", "unit_price": "$17.50 per 1kg"},
{"product_name": "Coles Brown Onions | 1kg", "price": "$2.50", "unit_price": "$2.50 per 1kg"},
{"product_name": "Coles Green Kiwifruit | 1 each", "price": "$1.00", "unit_price": "$1.00 per 1ea"},
{"product_name": "Coles Medium Lemons | 1 each", "price": "$1.00", "unit_price": "$1.00 per 1ea"},
{"product_name": "Coles Green Capsicum Loose | approx 250g", "price": "$1.48", "unit_price": "$5.90 per 1kg"},
{"product_name": "Coles Carrots Loose | approx 170g", "price": "$0.42", "unit_price": "$2.50 per 1kg"},
{"product_name": "Coles Pink Lady Apples 1kg | 1 each", "price": "$4.50", "unit_price": "$4.50 per 1kg"},
{"product_name": "Coles Red Onion 1 Kg | 1kg", "price": "$3.90", "unit_price": "$3.90 per 1kg"},
{"product_name": "Coles Blueberries | 300g", "price": "$5.00", "unit_price": "$16.67 per 1kg"},
{"product_name": "Coles Creme Gold Washed Potatoes Loose | approx 140g", "price": "$0.63", "unit_price": "$4.50 per 1kg"},
{"product_name": "Coles Sweet Gold Potatoes Loose | approx 450g", "price": "$1.80", "unit_price": "$4.00 per 1kg"},
{"product_name": "Coles Medium Navel Oranges | approx 180g", "price": "$0.63", "unit_price": "$3.50 per 1kg"},
{"product_name": "Coles Royal Gala Apples Loose | approx 160g", "price": "$0.78", "unit_price": "$4.90 per 1kg"},
{"product_name": "Coles Seedless Watermelon Cut | approx 2kg", "price": "$7.80", "unit_price": "$3.90 per 1kg"},
{"product_name": "Coles Baby Cucumbers | 250g", "price": "$3.00", "unit_price": "$12.00 per 1kg"},
{"product_name": "Coles Cherry Tomatoes Prepacked | 250g", "price": "$2.50", "unit_price": "$10.00 per 1kg"},
{"product_name": "Coles Red Onions Loose | approx 200g", "price": "$0.88", "unit_price": "$4.40 per 1kg"},
{"product_name": "Coles Packham Pears | approx 240g", "price": "$0.84", "unit_price": "$3.50 per 1kg"},
{"product_name": "Coles Raspberries | 125g", "price": "$5.50", "unit_price": "$44.00 per 1kg"},
{"product_name": "Coles Spring Onions | 1 bunch", "price": "$2.30", "unit_price": "$2.30 per 1ea"},
{"product_name": "Coles Lebanese Cucumbers | approx 210g", "price": "$1.45", "unit_price": "$6.90 per 1kg"},
{"product_name": "Coles Cauliflower Medium | 1 each", "price": "$2.90", "unit_price": "$2.90 per 1ea"},
{"product_name": "Coles Kids Pack Bananas | 750g", "price": "$4.50", "unit_price": "$6.00 per 1kg"},
{"product_name": "Coles Fresh Loose Cup Mushrooms | approx 200g", "price": "$2.58", "unit_price": "$12.90 per 1kg"},
{"product_name": "Coles Grape Perino Tomatoes Prepacked | 200g", "price": "$3.50", "unit_price": "$17.50 per 1kg"},
{"product_name": "Coles Gold Kiwifruit | 1 each", "price": "$1.50", "unit_price": "$1.50 per 1ea"},
{"product_name": "Coles Green Asparagus | 1 each", "price": "$1.80", "unit_price": "$1.80 per 1ea"},
{"product_name": "Coles Sweet Corn | 1 each", "price": "$1.50", "unit_price": "$1.50 per 1ea"},
{"product_name": "Coles Baby Cos Lettuce | 2 pack", "price": "$2.50", "unit_price": "$1.25 per 1ea"},
{"product_name": "Coles Half Cauliflower Precut | 1 each", "price": "$2.00", "unit_price": "$2.00 per 1ea"},
{"product_name": "Coles Half Drumhead Cabbage | 1 each", "price": "$2.80", "unit_price": "$2.80 per 1ea"},
{"product_name": "Coles Sleeved Herbs Parsley Continental | 1 each", "price": "$3.20", "unit_price": "$3.20 per 1ea"},
{"product_name": "Coles Rockmelon Half | 1 each", "price": "$2.50", "unit_price": "$2.50 per 1ea"},
{"product_name": "Coles Celery Sticks Prepacked | 300g", "price": "$4.00", "unit_price": "$13.33 per 1kg"},
{"product_name": "Coles Green Cucumber | 1 each", "price": "$2.50", "unit_price": "$2.50 per 1ea"},
{"product_name": "Coles Royal Gala Apples 1Kg | 1 each", "price": "$5.90", "unit_price": "$5.90 per 1kg"},
{"product_name": "Coles Baby Rocket | 60g", "price": "$2.00", "unit_price": "$33.34 per 1kg"},
{"product_name": "Coles Kensington Pride Mangoes | 1 each", "price": "$3.90", "unit_price": "$3.90 per 1ea"},
{"product_name": "Coles I'm Perfect Avocados | 1kg", "price": "$4.50", "unit_price": "$4.50 per 1kg"},
{"product_name": "Coles Rosalee Pink Onions Prepacked | 1kg", "price": "$2.90", "unit_price": "$2.90 per 1kg"},
{"product_name": "Coles Vine Ripened Tomatoes Prepacked | 500g", "price": "$4.90", "unit_price": "$9.80 per 1kg"},
{"product_name": "Coles Shredded Iceberg Lettuce | 200g", "price": "$2.00", "unit_price": "$10.00 per 1kg"},
{"product_name": "Coles 4 Leaf Salad Mix | 120g", "price": "$2.00", "unit_price": "$16.67 per 1kg"},
{"product_name": "Coles Salad Family Baby Spinach | 280g", "price": "$5.00", "unit_price": "$17.86 per 1kg"},
{"product_name": "Coles Rockmelon Whole | 1 each", "price": "$3.90", "unit_price": "$3.90 per 1ea"},
{"product_name": "Coles Butter Leaf Blend | 120g", "price": "$3.50", "unit_price": "$29.17 per 1kg"},
{"product_name": "Coles Iceberg Salad Blend | 300g", "price": "$3.00", "unit_price": "$10.00 per 1kg"},
{"product_name": "Coles Mushrooms Sliced | 500g", "price": "$6.00", "unit_price": "$12.00 per 1kg"},
{"product_name": "Coles Salad Baby Leaf Spinach & Rocket | 120g each", "price": "$3.00", "unit_price": "$25.00 per 1kg"},
{"product_name": "Fresh Red Cayenne Chillies | approx 20g", "price": "$0.60", "unit_price": "$30.00 per 1kg"},
{"product_name": "Coles Snow Peas loose | approx 100g", "price": "$1.70", "unit_price": "$17.00 per 1kg"},
{"product_name": "Coles Red Royale Washed Potatoes Prepacked | 2kg", "price": "$7.50", "unit_price": "$3.75 per 1kg"},
{"product_name": "Coles Tri Colour Capsicum | 500g", "price": "$5.90", "unit_price": "$11.80 per 1kg"},
{"product_name": "Coles Coles Spudlite Baby Potato | 750g", "price": "$3.00", "unit_price": "$4.00 per 1kg"},
{"product_name": "Spud Lite Potatoes Prepacked | 1.5kg", "price": "$6.00", "unit_price": "$4.00 per 1kg"},
{"product_name": "Coles Trimmed Celery Prepacked | 1 each", "price": "$4.00", "unit_price": "$4.00 per 1ea"},
{"product_name": "Coles Red Seedless Grapes | approx 900g", "price": "$13.41", "unit_price": "$14.90 per 1kg"},
{"product_name": "Coles Jazz Apples | approx 160g", "price": "$1.20", "unit_price": "$7.50 per 1kg"},
{"product_name": "Coles Baby White Potatoes Prepacked | 1kg", "price": "$3.80", "unit_price": "$3.80 per 1kg"},
{"product_name": "Coles Passionfruit | 1 each", "price": "$1.50", "unit_price": "$1.50 per 1ea"},
{"product_name": "Coles Cocktail Truss Tomatoes | 250g", "price": "$3.90", "unit_price": "$15.60 per 1kg"},
{"product_name": "Coles Spinach & Rocket | 60g", "price": "$2.00", "unit_price": "$33.34 per 1kg"},
{"product_name": "Coles Sleeved Herbs Basil | 1 each", "price": "$3.20", "unit_price": "$3.20 per 1ea"},
{"product_name": "Coles Chilli Fried Rice Crackers | approx 100g", "price": "$1.80", "unit_price": "$18.00 per 1kg"},
{"product_name": "Coles Herb Punnets Basil | 15g", "price": "$3.20", "unit_price": "$2.13 per 10g"},
{"product_name": "Coles Kitchen Beetroot Slaw | 200g", "price": "$2.00", "unit_price": "$10.00 per 1kg"},
{"product_name": "Coles Roasted & Salted Peanuts | 800g", "price": "$5.00", "unit_price": "$6.25 per 1kg"},
{"product_name": "Coles Sugar Snap Peas Medium | 150g", "price": "$3.50", "unit_price": "$23.33 per 1kg"},
{"product_name": "Coles Roasted Salted Pistachios | approx 100g", "price": "$2.80", "unit_price": "$28.00 per 1kg"},
{"product_name": "Coles Green Kale | 1 each", "price": "$3.50", "unit_price": "$3.50 per 1ea"},
{"product_name": "Coles Natural Almonds | 400g", "price": "$7.00", "unit_price": "$17.50 per 1kg"},
{"product_name": "Coles Mini Tomatoes | 125g", "price": "$3.90", "unit_price": "$31.20 per 1kg"},
{"product_name": "Coles Kitchen Fine Cut Coleslaw | 300g", "price": "$4.00", "unit_price": "$13.33 per 1kg"},
{"product_name": "Coles Kitchen Kaleslaw Salad Kit | 350g", "price": "$5.50", "unit_price": "$15.71 per 1kg"},
{"product_name": "Coles Baby Red Royale Potatoes Prepacked | 1kg", "price": "$3.80", "unit_price": "$3.80 per 1kg"},
{"product_name": "Coles Kitchen Caesar Salad Bowl | 200g", "price": "$5.50", "unit_price": "$27.50 per 1kg"},
{"product_name": "Coles Roma Tomatoes | 480g", "price": "$4.50", "unit_price": "$9.38 per 1kg"},
{"product_name": "Coles Kitchen American BBQ Slaw Kit | 400g", "price": "$5.50", "unit_price": "$13.75 per 1kg"},
{"product_name": "Coles Gold Nugget Mandarins Pack | 750g", "price": "$4.50", "unit_price": "$6.00 per 1kg"},
{"product_name": "Coles Baby Leaf Salad & Beetroot | 150g", "price": "$3.00", "unit_price": "$20.00 per 1kg"},
{"product_name": "Coles Panama Passionfruit | 1 each", "price": "$1.50", "unit_price": "$1.50 per 1ea"},
{"product_name": "Coles Dried Apricots | approx 100g", "price": "$1.80", "unit_price": "$18.00 per 1kg"},
{"product_name": "Coles Australian Salad Family Baby Leaf Blend | 300g", "price": "$5.00", "unit_price": "$16.67 per 1kg"},
{"product_name": "Coles Corn Cobettes | 400g", "price": "$6.50", "unit_price": "$16.25 per 1kg"},
{"product_name": "Coles Asian Choy Buk | 1 each", "price": "$2.50", "unit_price": "$2.50 per 1ea"},
{"product_name": "Coles BBQ Rice Crackers | approx 100g", "price": "$1.80", "unit_price": "$18.00 per 1kg"},
{"product_name": "Coles Wombok Chinese Cabbage Wombok Petite | 2 pack", "price": "$5.00", "unit_price": "$2.50 per 1ea"},
{"product_name": "Coles Kitchen Superfood Slaw Mix | 350g", "price": "$4.00", "unit_price": "$11.43 per 1kg"},
{"product_name": "Coles Natural Cashews | 400g", "price": "$7.00", "unit_price": "$17.50 per 1kg"},
{"product_name": "Coles White Seedless Grapes Prepacked | 400g", "price": "$6.90", "unit_price": "$17.25 per 1kg"},
{"product_name": "Coles Kestrel Potatoes Prepacked | 2kg", "price": "$6.00", "unit_price": "$3.00 per 1kg"},
{"product_name": "Coles I'M Perfect Lemons Prepacked | 1kg", "price": "$5.60", "unit_price": "$5.60 per 1kg"},
{"product_name": "Coles Maris Piper Washed Potatoes | 2kg", "price": "$7.50", "unit_price": "$3.75 per 1kg"},
{"product_name": "Fresh Blood Oranges | approx 180g", "price": "$0.81", "unit_price": "$4.50 per 1kg"},
{"product_name": "Coles Butter Salad Leaf | 200g", "price": "$4.50", "unit_price": "$22.50 per 1kg"},
{"product_name": "Coles Kitchen Family Ranch Salad Kit | 400g", "price": "$5.50", "unit_price": "$13.75 per 1kg"},
{"product_name": "Coles Herb Punnets Thyme | 10g", "price": "$3.20", "unit_price": "$3.20 per 10g"},
{"product_name": "Coles Fennel | 1 bunch", "price": "$3.50", "unit_price": "$3.50 per 1ea"},
{"product_name": "Coles Brown Mushrooms Loose | approx 200g", "price": "$2.70", "unit_price": "$13.50 per 1kg"},
{"product_name": "Coles Dried Mango Slices | approx 100g", "price": "$2.50", "unit_price": "$25.00 per 1kg"},
{"product_name": "Coles Brown Mushrooms Prepacked | 200g", "price": "$5.50", "unit_price": "$27.50 per 1kg"},
{"product_name": "Coles Mix-A-Mato Grape Tomatoes | 300g", "price": "$5.50", "unit_price": "$18.33 per 1kg"},
{"product_name": "Coles Chopped Kale | 140g", "price": "$3.00", "unit_price": "$21.43 per 1kg"},
{"product_name": "Coles Kitchen Potato Salad | 800g", "price": "$6.00", "unit_price": "$7.50 per 1kg"},
{"product_name": "Coles Roasted Salted Almonds | approx 100g", "price": "$2.20", "unit_price": "$22.00 per 1kg"},
{"product_name": "Coles Organic Sweet Corn | 3 pack", "price": "$8.50", "unit_price": "$2.83 per 1ea"},
{"product_name": "Coles Organic Baby Spinach | 100g", "price": "$4.80", "unit_price": "$48.00 per 1kg"},
{"product_name": "Coles Eve Apples 1kg | 1 each", "price": "$4.50", "unit_price": "$4.50 per 1kg"},
{"product_name": "Coles Spinach And Butter Leaf | 120g", "price": "$3.00", "unit_price": "$25.00 per 1kg"},
{"product_name": "Coles Green Chillies | 50g", "price": "$3.80", "unit_price": "$76.00 per 1kg"},
{"product_name": "Fresh Jalapeno Chillies | approx 34g", "price": "$1.02", "unit_price": "$30.00 per 1kg"},
{"product_name": "Coles Roast Salted Macadamias | 400g", "price": "$18.00", "unit_price": "$45.00 per 1kg"},
{"product_name": "Coles Mediterranean Style Salad Bowl | 185g", "price": "$6.50", "unit_price": "$35.14 per 1kg"},
{"product_name": "Coles Kitchen Beetslaw Salad Kit | 320g", "price": "$5.50", "unit_price": "$17.19 per 1kg"},
{"product_name": "Coles Mayan Gold Brushed Potatoes | 1kg", "price": "$3.50", "unit_price": "$3.50 per 1kg"},
{"product_name": "Coles Symphony Lettuce Decorative | 1 each", "price": "$3.20", "unit_price": "$3.20 per 1ea"},
{"product_name": "Coles Cranberries | approx 100g", "price": "$2.20", "unit_price": "$22.00 per 1kg"},
{"product_name": "Coles Sliced Vitamin D Mushrooms | 300g", "price": "$6.50", "unit_price": "$21.67 per 1kg"},
{"product_name": "Coles Watermelon Seedless Whole | approx 8kg", "price": "$31.20", "unit_price": "$3.90 per 1kg"},
{"product_name": "Coles Kitchen Potato Salad | 250g", "price": "$4.00", "unit_price": "$16.00 per 1kg"},
{"product_name": "Coles Pitted Medjool Date | 340g", "price": "$11.00", "unit_price": "$32.35 per 1kg"},
{"product_name": "Coles Jazz Apples Prepacked | 1kg", "price": "$7.50", "unit_price": "$7.50 per 1kg"},
{"product_name": "Coles Royal Blue Potatoes | 2kg", "price": "$7.50", "unit_price": "$3.75 per 1kg"},
{"product_name": "Coles Fresh Turnips | approx 180g", "price": "$1.26", "unit_price": "$7.00 per 1kg"},
{"product_name": "Coles Kitchen Classic Slaw Salad Family Kit | 300g", "price": "$5.00", "unit_price": "$16.67 per 1kg"},
{"product_name": "Coles Cashew & Soy Crisps Mix | approx 100g", "price": "$2.50", "unit_price": "$25.00 per 1kg"},
{"product_name": "Coles Organic Butternut Pumpkin | approx 500g", "price": "$4.25", "unit_price": "$8.50 per 1kg"},
{"product_name": "Coles Organic Broccoli | 500g", "price": "$6.80", "unit_price": "$13.60 per 1kg"},
{"product_name": "Coles Organic Pink Lady Apple | 1kg", "price": "$7.80", "unit_price": "$7.80 per 1kg"},
{"product_name": "Coles Organic Zucchini | 500g", "price": "$7.50", "unit_price": "$15.00 per 1kg"},
{"product_name": "Coles Kitchen Vegetables Baby Potatoes Herb Butter | 400g", "price": "$4.50", "unit_price": "$11.25 per 1kg"},
{"product_name": "Coles Chef Blend Premium Baby Leaf | 150g", "price": "$4.00", "unit_price": "$26.67 per 1kg"},
{"product_name": "Coles Coconut & Maple Flavoured Almonds | approx 100g", "price": "$3.50", "unit_price": "$35.00 per 1kg"},
{"product_name": "Coles Asian Chicken Salad Bowl | 185g", "price": "$6.50", "unit_price": "$35.14 per 1kg"},
{"product_name": "Coles Dried Banana Chips | 400g", "price": "$5.50", "unit_price": "$13.75 per 1kg"},
{"product_name": "Coles Premium Mandarins prepacked | 800g", "price": "$4.90", "unit_price": "$6.13 per 1kg"},
{"product_name": "Coles Jalapeno Chilli | 80g", "price": "$3.80", "unit_price": "$47.50 per 1kg"},
{"product_name": "Coles Tuscan Kale | 1 each", "price": "$3.50", "unit_price": "$3.50 per 1ea"},
{"product_name": "Coles Herb Punnets Lemongrass | 30g", "price": "$3.20", "unit_price": "$3.20 per 1ea"},
{"product_name": "Coles Pottle Roasted Salted Pistachio | approx 100g", "price": "$3.00", "unit_price": "$30.00 per 1kg"},
{"product_name": "Coles Chocolate Almonds | approx 100g", "price": "$3.00", "unit_price": "$30.00 per 1kg"},
{"product_name": "Coles Kitchen Classic Vegetable Stir Fry | 750g", "price": "$6.50", "unit_price": "$8.67 per 1kg"},
{"product_name": "Coles Bananas Red Tipped | approx 180g", "price": "$0.99", "unit_price": "$5.50 per 1kg"},
{"product_name": "Coles Kitchen Chilli Lime Crunchy Noodle Salad Kit | 350g", "price": "$5.50", "unit_price": "$15.71 per 1kg"},
{"product_name": "Coles Organic Baby Beetroot | 250g", "price": "$5.00", "unit_price": "$20.00 per 1kg"},
{"product_name": "Coles Herb Punnets Sage | 10g", "price": "$3.20", "unit_price": "$3.20 per 10g"},
{"product_name": "Coles Summer Delight | approx 100g", "price": "$2.20", "unit_price": "$22.00 per 1kg"},
{"product_name": "Coles Kitchen Classic Potato Salad | 400g", "price": "$5.80", "unit_price": "$14.50 per 1kg"},
{"product_name": "Coles Kitchen Classics Mixed Leaf Garden Salad | 180g", "price": "$5.50", "unit_price": "$30.56 per 1kg"},
{"product_name": "Gourmet Garden Lightly Dried Parsley Prepacked | 8g", "price": "$4.00", "unit_price": "$5.00 per 10g"},
{"product_name": "Coles Supreme Roasted Salted Mixed Nuts | approx 100g", "price": "$3.10", "unit_price": "$31.00 per 1kg"},
{"product_name": "Coles Kitchen French Style Dressing Salad Kit | 300g", "price": "$2.25", "unit_price": "$7.50 per 1kg"},
{"product_name": "Coles Dried Tropical Fruit Mix | approx 100g", "price": "$3.00", "unit_price": "$30.00 per 1kg"},
{"product_name": "Coles Sugared Giant Strawberries | approx 100g", "price": "$2.50", "unit_price": "$25.00 per 1kg"},
{"product_name": "Coles Honey & Dijon Soy Crisps | approx 100g", "price": "$1.80", "unit_price": "$18.00 per 1kg"},
{"product_name": "Coles Sugar Snap Peas Loose | approx 200g", "price": "$3.40", "unit_price": "$17.00 per 1kg"},
{"product_name": "Coles Honey Cashews | 350g", "price": "$9.00", "unit_price": "$25.72 per 1kg"},
{"product_name": "Coles Kitchen Honey Mustard & Crouton Salad Kit | 350g", "price": "$5.50", "unit_price": "$15.71 per 1kg"},
{"product_name": "Coles Organic Asparagus Green | 1 bunch", "price": "$5.50", "unit_price": "$5.50 per 1ea"},
{"product_name": "Coles Kitchen Classic Salad Veggie Pasta | 700g", "price": "$5.00", "unit_price": "$7.14 per 1kg"},
{"product_name": "Coles Herb Punnets Lime Leaves | 10g", "price": "$3.20", "unit_price": "$3.20 per 10g"},
{"product_name": "Coles Kitchen Cauliflower Rice | 300g", "price": "$3.00", "unit_price": "$10.00 per 1kg"},
{"product_name": "Coles BBQ Corn Nibbles | approx 100g", "price": "$2.10", "unit_price": "$21.00 per 1kg"},
{"product_name": "Coles Blackcurrant And Chia Bites | approx 100g", "price": "$3.00", "unit_price": "$30.00 per 1kg"},
{"product_name": "Coles Nougat Supreme | approx 100g", "price": "$2.50", "unit_price": "$25.00 per 1kg"},
{"product_name": "Coles Lunchbox Fruits | approx 100g", "price": "$2.20", "unit_price": "$22.00 per 1kg"},
{"product_name": "Coles Pumpkin Seeds | approx 100g", "price": "$2.00", "unit_price": "$20.00 per 1kg"},
{"product_name": "Coles Coconut Chunks | approx 100g", "price": "$2.00", "unit_price": "$20.00 per 1kg"},
{"product_name": "Coles Cashew Mac Peanut Mix Rosted & Salted | 400g", "price": "$9.00", "unit_price": "$22.50 per 1kg"},
{"product_name": "Coles Kitchen Beetslaw With Fetta Salad Bowl | 180g", "price": "$5.50", "unit_price": "$30.56 per 1kg"},
{"product_name": "Aussie Sprouts Pea Shoots | 100g", "price": "$3.50", "unit_price": "$35.00 per 1kg"},
{"product_name": "Coles Vietnamese Mint Punnet | 15g", "price": "$3.00", "unit_price": "$2.00 per 10g"},
{"product_name": "Fresh Turmeric | approx 30g", "price": "$1.50", "unit_price": "$50.02 per 1kg"},
{"product_name": "Coles Herb Punnets Oregano | 10g", "price": "$3.20", "unit_price": "$3.20 per 10g"},
{"product_name": "Coles Herb Lemon Thyme Punnet | 10g", "price": "$3.20", "unit_price": "$3.20 per 10g"},
{"product_name": "Coles Chai Chocolate Almonds | approx 100g", "price": "$3.00", "unit_price": "$30.00 per 1kg"},
{"product_name": "Coles Sherbert Fizzies | approx 100g", "price": "$2.50", "unit_price": "$25.00 per 1kg"},
{"product_name": "Coles Pine Nuts Prepacked | 200g", "price": "$12.00", "unit_price": "$60.00 per 1kg"},
{"product_name": "Coles Organic Brushed Potatoes Prepacked | 1kg", "price": "$6.00", "unit_price": "$6.00 per 1kg"},
{"product_name": "Salad Fresh Sundried Tomato Fetta Salad | 210g", "price": "$5.50", "unit_price": "$26.19 per 1kg"},
{"product_name": "Gourmet Garden Ginger Cold Blended Paste | 80g", "price": "$4.00", "unit_price": "$0.50 per 10g"},
{"product_name": "Coles Herbs Watercress Sleeved | 1 each", "price": "$3.20", "unit_price": "$3.20 per 1ea"},
{"product_name": "Coles Yellow Squash loose | approx 50g", "price": "$0.65", "unit_price": "$12.90 per 1kg"},
{"product_name": "Market Lane Australian Beer Nuts | 900g", "price": "$10.00", "unit_price": "$11.11 per 1kg"},
{"product_name": "Coles Snake Beans Bunch | 1 each", "price": "$8.00", "unit_price": "$8.00 per 1ea"},
{"product_name": "Coles Organic Cabbage Whole | 1 each", "price": "$7.50", "unit_price": "$7.50 per 1ea"},
{"product_name": "Coles Deli Medium Greek Salad | 1 each", "price": "$6.00", "unit_price": "$6.00 per 1ea"},
{"product_name": "Coles Salad Medium Tubs Potato Egg & Bacon Salad Salad | 1 each", "price": "$6.00", "unit_price": "$6.00 per 1ea"},
{"product_name": "Coles Kitchen Bacon Cobb Salad Bowl | 200g", "price": "$5.50", "unit_price": "$27.50 per 1kg"},
{"product_name": "Coles Deli Salads Tub Medium Classic Potato | 1 each", "price": "$5.00", "unit_price": "$5.00 per 1ea"},
{"product_name": "Coles Brownie Protein Bites | approx 100g", "price": "$4.50", "unit_price": "$45.00 per 1kg"},
{"product_name": "Coles Deli Salads Tub Small Classic Pasta | 1 each", "price": "$4.00", "unit_price": "$4.00 per 1ea"},
{"product_name": "Gourmet Garden Mild Chilli Stir In Paste | 80g", "price": "$4.00", "unit_price": "$0.50 per 10g"},
{"product_name": "Coles Deli Snack Classic Coleslaw Salad Tub | 1 each", "price": "$2.00", "unit_price": "$2.00 per 1ea"},
{"product_name": "Coles Pottel Cashews Roast & Salted | approx 100g", "price": "$2.90", "unit_price": "$29.00 per 1kg"},
{"product_name": "Coles Superboost Pottle | approx 100g", "price": "$2.80", "unit_price": "$28.00 per 1kg"},
{"product_name": "Market Lane Honey Macadamias | 350g", "price": "$14.00", "unit_price": "$40.00 per 1kg"},
{"product_name": "Market Lane Natural Almonds | 1kg", "price": "$13.00", "unit_price": "$13.00 per 1kg"},
{"product_name": "Salad Fresh Nachos Fiesta Salad Kit | 230g", "price": "$8.00", "unit_price": "$34.78 per 1kg"},
{"product_name": "Natural Delights Mini Medjools Cacao Pecan | 227g", "price": "$8.00", "unit_price": null},
{"product_name": "Coles Sweet Pointed Capsicums | 240g", "price": "$6.90", "unit_price": "$28.75 per 1kg"},
{"product_name": "Coles Organic Chopped Kale | 140g", "price": "$5.50", "unit_price": "$39.29 per 1kg"},
{"product_name": "Coles Deli Small Greek Salad | 1 each", "price": "$5.00", "unit_price": "$5.00 per 1ea"},
{"product_name": "Coles Peanut Butter Protein Bites | approx 100g", "price": "$4.50", "unit_price": "$45.00 per 1kg"},
{"product_name": "Coles Organic Continental Parsley | 1 each", "price": "$4.50", "unit_price": "$4.50 per 1ea"},
{"product_name": "Coles Deli Salad Tubs Jumbo Quinoa Tabouleh Salad | 1 each", "price": "$11.00", "unit_price": "$11.00 per 1ea"},
{"product_name": "Coles Deli Salads Tub Jumbo Classic Coleslaw | 1 each", "price": "$10.00", "unit_price": "$10.00 per 1ea"},
{"product_name": "Wicked Chocolate Dipping Sauce | 130g", "price": "$2.00", "unit_price": "$2.00 per 1ea"},
{"product_name": "Coles Deli Salads Tub Snack Classic Pasta | 1 each", "price": "$2.00", "unit_price": "$2.00 per 1ea"},
{"product_name": "Coles Naked Snack Mix | approx 100g", "price": null, "unit_price": null},
{"product_name": "Coles High Fibre Blend | approx 100g", "price": "$3.70", "unit_price": "$37.00 per 1kg"},
{"product_name": "Market Lane Pretzel Peanut Butter Nugget | 730g", "price": "$13.00", "unit_price": "$17.81 per 1kg"},
{"product_name": "Market Lane Club Mix | 750g", "price": "$12.00", "unit_price": "$16.00 per 1kg"},
{"product_name": "Coles Deli Salads Tub Large Classic Coleslaw | 1 each", "price": "$6.00", "unit_price": "$6.00 per 1ea"},
{"product_name": "Coles Organic Cayenne Chilli | 50g each", "price": "$4.20", "unit_price": "$84.00 per 1kg"},
{"product_name": "Coles Dark Chocolate Blueberries | approx 100g", "price": "$4.00", "unit_price": "$40.00 per 1kg"},
{"product_name": "Coles Superfood Mix | approx 100g", "price": "$3.70", "unit_price": "$37.00 per 1kg"},
{"product_name": "Coles Almonds Slivered | approx 100g", "price": "$3.00", "unit_price": "$30.00 per 1kg"},
{"product_name": "Coles White Chocolate Candy Speckle Ball | approx 100g", "price": "$3.00", "unit_price": "$30.00 per 1kg"},
{"product_name": "Coles Protein Mix | approx 100g", "price": "$2.70", "unit_price": "$27.00 per 1kg"},
{"product_name": "Coles Candy Crunch Grapes Seedless | 400g", "price": null, "unit_price": null},
{"product_name": "Scoop & Weigh Superfood Dragon Fruit Smoothie Powder | approx 100g", "price": "$7.99", "unit_price": "$79.90 per 1kg"},
{"product_name": "Coles Super Nutty Low Sugar Granola | approx 100g", "price": "$3.50", "unit_price": "$35.00 per 1kg"},
{"product_name": "Coles Hazelnut And Cranberry Coco Granola | approx 100g", "price": "$3.50", "unit_price": "$35.00 per 1kg"},
{"product_name": "Coles Vegan Fruity Almond Coconut Granola | approx 100g", "price": "$3.50", "unit_price": "$35.00 per 1kg"},
{"product_name": "Coles Maple Pecan Toasted Muesli | approx 100g", "price": "$3.00", "unit_price": "$30.00 per 1kg"},
{"product_name": "Coles Fruit Nut And Seed Toasted Muesli | approx 100g", "price": "$3.00", "unit_price": "$30.00 per 1kg"},
{"product_name": "Scoop & Weigh Milk Choc Honeycomb Balls Bulk | approx 100g", "price": "$3.00", "unit_price": "$30.00 per 1kg"},
{"product_name": "Coles Dried Figs | approx 100g", "price": "$2.00", "unit_price": "$20.00 per 1kg"},
{"product_name": "Coles Roasted & Salted Pistachios Imported | 750g", "price": "$16.00", "unit_price": "$21.33 per 1kg"},
{"product_name": "Market Lane Natural Walnuts | 1kg", "price": "$16.00", "unit_price": "$16.00 per 1kg"},
{"product_name": "Market Lane Roasted & Salted Cashews | 1kg", "price": "$16.00", "unit_price": "$16.00 per 1kg"},
{"product_name": "Coles Jumbo Salad Tub Curried Pumpkin Cous Cous Salad | 1 each", "price": "$11.00", "unit_price": "$11.00 per 1ea"},
{"product_name": "Coles Deli Salad Jumbo Tubs Potato Egg & Bacon | 1 each", "price": "$11.00", "unit_price": "$11.00 per 1ea"},
{"product_name": "Coles Deli Salads Tub Jumbo Classic Pasta | 1 each", "price": "$10.00", "unit_price": "$10.00 per 1ea"},
{"product_name": "Coles Deli Salads Tub Jumbo Classic Potato | 1 each", "price": "$10.00", "unit_price": "$10.00 per 1ea"},
{"product_name": "Coles Heirloom Tomatoes | approx 100g", "price": null, "unit_price": null},
{"product_name": "Medjool Dates Medjol Date 5kg Gift Box | 1 each", "price": "$80.00", "unit_price": "$16.00 per 1kg"},
{"product_name": "Scoop & Weigh Superfood Berry Smoothie Powder | approx 100g", "price": "$7.99", "unit_price": "$79.90 per 1kg"},
{"product_name": "Coles Kensington Pride Mangoes Prepacked | 4 pack", "price": "$9.90", "unit_price": "$2.48 per 1ea"},
{"product_name": "Coles Smokey BBQ Peanut & Cashews | 800g", "price": "$9.00", "unit_price": "$11.25 per 1kg"},
{"product_name": "Coles Yellow Peppers | approx 50g", "price": "$0.40", "unit_price": "$7.98 per 1kg"},
{"product_name": "Coles Mixed Nuts in Shell Prepacked | 500g", "price": null, "unit_price": null},
{"product_name": "Coles Savoury Asian Style Party Mix | 400g", "price": "$7.00", "unit_price": "$17.50 per 1kg"},
{"product_name": "Coles Organic Nectarines Medium | approx 150g", "price": "$1.05", "unit_price": "$6.99 per 1kg"},
{"product_name": "Coles Organic Red Globe Grapes | approx 800g", "price": "$5.58", "unit_price": "$6.98 per 1kg"},
{"product_name": "Market Lane Salt And Vinegar Chomp | 400g", "price": "$6.00", "unit_price": "$15.00 per 1kg"},
{"product_name": "Coles Triple Chocolate Pretzels | 250g", "price": null, "unit_price": null},
{"product_name": "Coles Cherries In Dark Chocolate | 180g", "price": "$6.00", "unit_price": "$33.34 per 1kg"},
{"product_name": "Coles Walnuts In Shell Prepacked | 500g", "price": null, "unit_price": null},
{"product_name": "Coles Mixed Nuts In Shell | 500g", "price": null, "unit_price": null},
{"product_name": "Coles Mushrooms Dried Mixed Forest | 20g", "price": "$5.00", "unit_price": "$250.00 per 1kg"},
{"product_name": "Coles R2E2 Mangoes | 1 each", "price": "$4.50", "unit_price": "$4.50 per 1ea"},
{"product_name": "Coles Organic Grey Pumpkin | approx 1kg", "price": "$4.00", "unit_price": "$4.00 per 1kg"},
{"product_name": "Gourmet Garden Lightly Dried Herb Oregano | 5g", "price": "$4.00", "unit_price": "$8.00 per 10g"},
{"product_name": "Coles Baby Rocket Salad Leaf Prepacked | 120g", "price": "$3.99", "unit_price": "$33.25 per 1kg"},
{"product_name": "Perfection Fresh Rockmelon Pieces | 500g", "price": "$3.98", "unit_price": "$7.96 per 1kg"},
{"product_name": "Fresh Living Herbs Chives | 1 each", "price": "$3.98", "unit_price": "$3.98 per 1ea"},
{"product_name": "Coles Marjoram Sleeved | 1 bunch", "price": null, "unit_price": null},
{"product_name": "Coles Deli Snack Greek Salad | 1 each", "price": "$3.00", "unit_price": "$3.00 per 1ea"},
{"product_name": "Coles Salad Snack Tubs Potato Egg & Bacon | 1 each", "price": "$3.00", "unit_price": "$3.00 per 1ea"},
{"product_name": "Coles Deli Salad Tubs Snack Quinoa Tabouleah Salad | 1 each", "price": "$3.00", "unit_price": "$3.00 per 1ea"},
{"product_name": "Coles Bean Shoots Prepacked | 350g", "price": "$2.90", "unit_price": "$8.29 per 1kg"},
{"product_name": "Coles Deli Salads Tub Snack Classic Potato | 1 each", "price": "$2.00", "unit_price": "$2.00 per 1ea"},
{"product_name": "Coles Witlof Prepacked | 250g", "price": null, "unit_price": null},
{"product_name": "Coles Red Cabbage Quarter | 1 each", "price": "$1.42", "unit_price": "$1.42 per 1ea"},
{"product_name": "Coles Choc Caramel Fudge Balls | approx 100g", "price": "$3.00", "unit_price": "$30.00 per 1kg"},
{"product_name": "Coles Poblano Green Chillies loose | approx 50g", "price": "$1.50", "unit_price": "$30.00 per 1kg"},
{"product_name": "Coles White Quinoa | approx 100g", "price": null, "unit_price": null},
{"product_name": "Market Lane Topper Savoury | 810g", "price": "$15.00", "unit_price": "$18.52 per 1kg"},
{"product_name": "Coles Deli Jumbo Greek Salad Tub | 1 each", "price": "$11.00", "unit_price": "$11.00 per 1ea"},
{"product_name": "Coles Deli Salad Tubs Medium Quinoa Tabouleh | 1 each", "price": "$6.00", "unit_price": "$6.00 per 1ea"},
{"product_name": "Coles Asparagus Entertainer Large | 1 bunch", "price": "$3.50", "unit_price": "$3.50 per 1ea"},
{"product_name": "Coles Vitality | approx 100g", "price": "$2.80", "unit_price": "$28.00 per 1kg"},
{"product_name": "Coles Cranberry Sprinkle | approx 100g", "price": "$2.20", "unit_price": "$22.00 per 1kg"},
{"product_name": "Coles Chia Seeds | approx 100g", "price": null, "unit_price": null},
{"product_name": "Coles Organic Brushed Potatoes Prepacked | 2kg", "price": "$10.50", "unit_price": "$5.25 per 1kg"},
{"product_name": "Coles Deli Salad Large Tubs Potato Egg & Bacon | 1 each", "price": "$7.00", "unit_price": "$7.00 per 1ea"},
{"product_name": "Coles Deli Salad Tubs Large Quinoa Tabouleh | 1 each", "price": "$7.00", "unit_price": "$7.00 per 1ea"},
{"product_name": "Coles Deli Salads Tub Large Classic Potato | 1 each", "price": "$6.00", "unit_price": "$6.00 per 1ea"},
{"product_name": "Gourmet Garden Lightly Dried Mint | 5g", "price": "$4.00", "unit_price": "$8.00 per 10g"},
{"product_name": "Gourmet Garden Lightly Dried Chives | 4g", "price": "$4.00", "unit_price": "$10.00 per 10g"},
{"product_name": "Gourmet Garden Lightly Dried Mixed Herbs Prepacked | 8g", "price": "$4.00", "unit_price": "$5.00 per 10g"},
{"product_name": "Coles Sliced Almonds | approx 100g", "price": null, "unit_price": null},
{"product_name": "Market Lane Honey Nut Medley | 1150g", "price": "$18.00", "unit_price": "$15.65 per 1kg"},
{"product_name": "Coles Organic Snow Peas | 125g", "price": "$7.00", "unit_price": "$56.00 per 1kg"},
{"product_name": "Coles Deli Large Greek Salad | 1 each", "price": "$7.00", "unit_price": "$7.00 per 1ea"},
{"product_name": "Coles Deli Salads Tub Large Classic Pasta | 1 each", "price": "$6.00", "unit_price": "$6.00 per 1ea"},
{"product_name": "Coles Organic Silverbeet | 1 each", "price": "$6.00", "unit_price": "$6.00 per 1ea"},
{"product_name": "Coles Organic Spring Onions | 1 each", "price": "$5.50", "unit_price": "$5.50 per 1ea"},
{"product_name": "Coles Deli Medium Classic Coleslaw Salad Tub | 1 each", "price": "$5.00", "unit_price": "$5.00 per 1ea"},
{"product_name": "Coles Kitchen Caesar Dressing | 250mL", "price": "$5.00", "unit_price": "$2.00 per 100mL"}]
