[
{"product_name": "Coles RSPCA Approved Chicken Breast Fillets Large Pack | approx 1.4kg", "price": "$15.40", "unit_price": "$11.00 per 1kg"},
{"product_name": "Coles 3 Star Lamb Mince | 500g", "price": "$7.00", "unit_price": "$14.00 per 1kg"},
{"product_name": "Coles Beef Eye Fillet Steak Small | 300g", "price": "$16.00", "unit_price": "$53.34 per 1kg"},
{"product_name": "Coles Lamb Whole Lamb Leg Roast | approx 2.8kg", "price": "$28.00", "unit_price": "$10.00 per 1kg"},
{"product_name": "Coles Lamb Loin Chops Bulk | approx 890g", "price": "$24.92", "unit_price": "$28.00 per 1kg"},
{"product_name": "Coles Deli Fresh Tasmanian Salmon Portions Skin Off | approx 250g", "price": "$10.50", "unit_price": "$42.00 per 1kg"},
{"product_name": "Coles RSPCA Approved Chicken Wing Nibbles | approx 1.1kg", "price": "$8.80", "unit_price": "$8.00 per 1kg"},
{"product_name": "Coles Beef Scotch Steak Fillet 2 Pack | 480g", "price": "$20.00", "unit_price": "$41.67 per 1kg"},
{"product_name": "Coles Beef Scotch Fillet Thin Cut | 400g", "price": "$16.00", "unit_price": "$40.00 per 1kg"},
{"product_name": "Lilydale Free Range Chicken Breast Fillets Bulk Pack  | approx 1kg", "price": "$16.00", "unit_price": "$16.00 per 1kg"},
{"product_name": "Coles Beef Stir Fry Strips | 500g", "price": "$12.00", "unit_price": "$24.00 per 1kg"},
{"product_name": "Coles Free Range RSPCA Approved Chicken Drumsticks | approx 1.4kg", "price": "$9.10", "unit_price": "$6.50 per 1kg"},
{"product_name": "Lilydale Free Range Chicken Drumsticks Bulk Pack                | approx 1kg", "price": "$6.00", "unit_price": "$6.00 per 1kg"},
{"product_name": "Coles Lamb Leg Steak 2 Pack | 215g", "price": "$5.50", "unit_price": "$25.58 per 1kg"},
{"product_name": "Coles 5 Star Extra Lean Pork Mince | 500g", "price": "$6.50", "unit_price": "$13.00 per 1kg"},
{"product_name": "Coles Lamb Cutlets | approx 775g", "price": "$27.12", "unit_price": "$35.00 per 1kg"},
{"product_name": "Coles Deli Thawed Cooked Vannamei Prawns | approx 250g", "price": "$4.50", "unit_price": "$18.00 per 1kg"},
{"product_name": "Drovers Beef Mince Big Value Pack | approx 1.9kg", "price": "$19.95", "unit_price": "$10.50 per 1kg"},
{"product_name": "Coles Beef Garlic & Herb Sausages | 550g", "price": "$6.60", "unit_price": "$12.00 per 1kg"},
{"product_name": "Coles Lamb Forequarter Chops | approx 1.3kg", "price": "$20.80", "unit_price": "$16.00 per 1kg"},
{"product_name": "Coles Thin BBQ Sausages | 1.8kg", "price": "$12.00", "unit_price": "$6.67 per 1kg"},
{"product_name": "Coles Deli RSPCA Approved Chicken Drumsticks | approx 160g", "price": "$0.64", "unit_price": "$4.00 per 1kg"},
{"product_name": "Coles Deli Thawed Raw Peeled Prawn Meat | approx 250g", "price": "$7.50", "unit_price": "$30.00 per 1kg"},
{"product_name": "Coles Thawed Seafood Marinara Mix | approx 250g", "price": "$4.50", "unit_price": "$18.00 per 1kg"},
{"product_name": "Ocean Blue Sliced Smoked Salmon | 100g", "price": "$7.50", "unit_price": "$75.00 per 1kg"},
{"product_name": "Coles Chicken Sage And Thyme Sausages | 550g", "price": "$6.60", "unit_price": "$12.00 per 1kg"},
{"product_name": "Coles RSPCA Approved Free Range Chicken Breast Large Pack | approx 1.25kg", "price": "$17.50", "unit_price": "$14.00 per 1kg"},
{"product_name": "Coles No Added Hormone Beef Quick Cook Porterhouse Steak | 180g", "price": "$8.00", "unit_price": "$44.45 per 1kg"},
{"product_name": "Coles RSPCA Approved Medium Whole Chicken | approx 1.65kg", "price": "$9.07", "unit_price": "$5.50 per 1kg"},
{"product_name": "Coles Lamb Leg Roast Half | approx 1.74kg", "price": "$17.40", "unit_price": "$10.00 per 1kg"},
{"product_name": "Coles The Original Beef Sausages | 550g", "price": "$6.60", "unit_price": "$12.00 per 1kg"},
{"product_name": "Coles Pork & Beef 3 Star Mince Bolognese | 500g", "price": "$6.00", "unit_price": "$12.00 per 1kg"},
{"product_name": "Coles RSPCA Approved Chicken Mince | 500g", "price": "$5.50", "unit_price": "$11.00 per 1kg"},
{"product_name": "Coles Beef Diced                                                                                                                      | 500g", "price": "$13.00", "unit_price": "$26.00 per 1kg"},
{"product_name": "Coles Pork Forequarter Cutlets | 800g", "price": "$12.00", "unit_price": "$15.00 per 1kg"},
{"product_name": "Coles Beef Thyme And Parsley Burgers | 500g", "price": "$8.50", "unit_price": "$17.00 per 1kg"},
{"product_name": "Lilydale Free Range Chicken Tenderloins | 500g", "price": "$12.50", "unit_price": "$25.00 per 1kg"},
{"product_name": "Coles RSPCA Approved Chicken V Wings | approx 1.1kg", "price": "$9.90", "unit_price": "$9.00 per 1kg"},
{"product_name": "Coles Tasmanian Salmon Portions Skin Off | 280g", "price": "$16.00", "unit_price": "$57.14 per 1kg"},
{"product_name": "Coles RSPCA Approved Chicken Whole Boneless Herb & Garlic | approx 850g", "price": "$9.35", "unit_price": "$11.00 per 1kg"},
{"product_name": "Coles RSPCA Approved Chicken Breast Schnitzel Plain Crumb | 600g", "price": "$9.50", "unit_price": "$15.83 per 1kg"},
{"product_name": "Coles Sausage Mince | 500g", "price": "$5.50", "unit_price": "$11.00 per 1kg"},
{"product_name": "Coles Beef Sizzle Steak | 400g", "price": "$13.00", "unit_price": "$32.50 per 1kg"},
{"product_name": "Coles No Added Hormone Beef Rump Medallions | 300g", "price": "$12.00", "unit_price": "$40.00 per 1kg"},
{"product_name": "Coles Pork Loin Chops Lightly Marinated | 450g", "price": "$9.00", "unit_price": "$20.00 per 1kg"},
{"product_name": "Coles Classic Beef Burgers | 500g", "price": "$8.50", "unit_price": "$17.00 per 1kg"},
{"product_name": "Coles RSPCA Approved Free Range Thigh Small Pack | approx 500g", "price": "$9.25", "unit_price": "$18.50 per 1kg"},
{"product_name": "Coles RSPCA Approved Free Range Chicken Thigh Large Pack | approx 1.25kg", "price": "$21.25", "unit_price": "$17.00 per 1kg"},
{"product_name": "Coles Pork Belly Roast Boneless | approx 1.3kg", "price": "$24.70", "unit_price": "$19.00 per 1kg"},
{"product_name": "Rocco's Smokey Bacon & Cheese Sausages | 450g", "price": "$8.00", "unit_price": "$17.78 per 1kg"},
{"product_name": "Lilydale Free Range Chicken Thigh Fillets Small Pack               | approx 545g", "price": "$11.99", "unit_price": "$22.00 per 1kg"},
{"product_name": "Coles No Added Hormone Beef Roast Topside | approx 1.3kg", "price": "$23.40", "unit_price": "$18.00 per 1kg"},
{"product_name": "The Bare Bird Whole Chicken | approx 1.6kg", "price": "$13.60", "unit_price": "$8.50 per 1kg"},
{"product_name": "Coles Lamb Kebabs | 450g", "price": "$7.50", "unit_price": "$16.67 per 1kg"},
{"product_name": "Coles RSPCA Approved Chicken Burgers Plain Crumb | 400g", "price": "$6.30", "unit_price": "$15.75 per 1kg"},
{"product_name": "Coles Deli Fresh Saddletail Snapper Fillet | approx 250g", "price": "$9.00", "unit_price": "$36.00 per 1kg"},
{"product_name": "Drovers Choice No Added Hormone Beef Porterhouse Steak | approx 780g", "price": "$18.72", "unit_price": "$24.00 per 1kg"},
{"product_name": "Coles Deli Thawed MSC Smoked Cod Fillet | approx 200g", "price": "$3.10", "unit_price": "$15.50 per 1kg"},
{"product_name": "Coles RSPCA Approved Chicken Livers | approx 600g", "price": "$5.40", "unit_price": "$9.00 per 1kg"},
{"product_name": "Coles Beef T Bone Steak | approx 1kg", "price": "$30.00", "unit_price": "$30.00 per 1kg"},
{"product_name": "Coles Finest Thick & Juicy Beef Burger 2 Pack | 300g", "price": "$7.50", "unit_price": "$25.00 per 1kg"},
{"product_name": "The Bare Bird Chicken Thigh Fillets | approx 500g", "price": "$11.00", "unit_price": "$22.00 per 1kg"},
{"product_name": "Coles Lamb Forequarter Chops | approx 433g", "price": "$6.93", "unit_price": "$16.00 per 1kg"},
{"product_name": "Lilydale Free Range Chicken Stir Fry | 500g", "price": "$13.50", "unit_price": "$27.00 per 1kg"},
{"product_name": "Coles Deli RSPCA Approved Chicken Crumbed Schnitzel | 1 each", "price": "$3.00", "unit_price": "$3.00 per 1ea"},
{"product_name": "Coles RSPCA Approved Chicken Southern Fried Thigh Burger | 400g", "price": "$11.00", "unit_price": "$27.50 per 1kg"},
{"product_name": "Coles Beef BBQ Burgers 10 pack | 1kg", "price": "$11.00", "unit_price": "$11.00 per 1kg"},
{"product_name": "British Cumberland Sausages | 500g", "price": "$8.50", "unit_price": "$17.00 per 1kg"},
{"product_name": "Coles Thawed Half Shell Scallops Large | 1 each", "price": "$2.00", "unit_price": "$2.00 per 1ea"},
{"product_name": "Coles RSPCA Approved Chicken Breast Stir Fry                  | approx 700g", "price": "$12.60", "unit_price": "$18.00 per 1kg"},
{"product_name": "Coles Beef Tender Blade Roast | approx 1kg", "price": "$17.00", "unit_price": "$17.00 per 1kg"},
{"product_name": "Coles RSPCA Approved Free Range Chicken Lovely Legs | approx 600g", "price": "$6.60", "unit_price": "$11.00 per 1kg"},
{"product_name": "Coles Finest Beef With Brisket Burger | 600g", "price": "$10.00", "unit_price": "$16.67 per 1kg"},
{"product_name": "Coles No Added Hormone Peppered Beef Steaks | 300g", "price": "$8.00", "unit_price": "$26.67 per 1kg"},
{"product_name": "Coles Raw Prawns Garlic & Herb | 260g", "price": "$12.50", "unit_price": "$48.08 per 1kg"},
{"product_name": "Tassal Tasmanian Smoked Salmon | 100g", "price": "$11.50", "unit_price": "$115.00 per 1kg"},
{"product_name": "Drovers Choice Beef Rump Steak | 230g", "price": "$6.00", "unit_price": "$26.09 per 1kg"},
{"product_name": "Lilydale Chicken Breast Schnitzel With Cauliflower & Herb Crumb | 400g", "price": "$13.00", "unit_price": "$32.50 per 1kg"},
{"product_name": "Coles RSPCA Approved Chicken Drumsticks With Mediterranean Glaze | approx 800g", "price": "$6.40", "unit_price": "$8.00 per 1kg"},
{"product_name": "Coles Cooked Prawns With Cocktail Sauce | 260g", "price": "$12.50", "unit_price": "$48.08 per 1kg"},
{"product_name": "Coles Diced Casserole | 500g", "price": "$11.00", "unit_price": "$22.00 per 1kg"},
{"product_name": "Mainstream Tropical North Queensland Barramundi Portions | 260g", "price": "$14.00", "unit_price": "$53.85 per 1kg"},
{"product_name": "Coles Made Easy Asian Style Beef Hot Pot | 500g", "price": "$12.00", "unit_price": "$24.00 per 1kg"},
{"product_name": "Coles Lamb Leg Diced | 450g", "price": "$10.00", "unit_price": "$22.22 per 1kg"},
{"product_name": "The Fishery Sardine Fillets | 250g", "price": "$9.50", "unit_price": "$38.00 per 1kg"},
{"product_name": "Coles Deli RSPCA Approved Chicken Nibbles Chilli Sriracha | approx 500g", "price": "$4.50", "unit_price": "$9.00 per 1kg"},
{"product_name": "Coles RSPCA Approved Chicken Wings Honey & Soy | 1kg", "price": "$9.00", "unit_price": "$9.00 per 1kg"},
{"product_name": "Coles Lamb Burgers With Rosemary And Garlic 4 Pack | 400g", "price": "$8.50", "unit_price": "$21.25 per 1kg"},
{"product_name": "Small Batch Free Range Sticky Pork And Garlic Premium Sausages | 450g", "price": "$8.00", "unit_price": "$17.78 per 1kg"},
{"product_name": "Coles Deli Thawed Squid Tubes | approx 250g", "price": "$5.38", "unit_price": "$21.50 per 1kg"},
{"product_name": "Coles Deli Seafood Salad | approx 250g", "price": "$4.75", "unit_price": "$19.00 per 1kg"},
{"product_name": "Coles Free Range RSPCA Approved Chicken Mango & Coconut | approx 950g", "price": "$14.25", "unit_price": "$15.00 per 1kg"},
{"product_name": "Coles Graze Grassfed Beef Rump Steak WA | 300g", "price": "$11.00", "unit_price": "$36.67 per 1kg"},
{"product_name": "Cleaver's Organic Grass-Fed Beef Sausages Gluten Free | 450g", "price": "$10.50", "unit_price": "$23.33 per 1kg"},
{"product_name": "Coles Made Easy Chicken Enchiladas With Beans & Cheese | 450g", "price": "$8.00", "unit_price": "$17.78 per 1kg"},
{"product_name": "Coles RSPCA Approved Free Range Chicken Stir Fry | approx 575g", "price": "$11.50", "unit_price": "$20.00 per 1kg"},
{"product_name": "Luv A Duck Fresh Duck Breast Fillets | 380g", "price": "$14.50", "unit_price": "$38.16 per 1kg"},
{"product_name": "Coles Deli Thawed Prawn Skewers Garlic | 1 each", "price": "$1.25", "unit_price": "$1.25 per 1ea"},
{"product_name": "Drovers Choice No Added Hormone Beef Scotch Fillet | approx 850g", "price": "$24.65", "unit_price": "$29.00 per 1kg"},
{"product_name": "Coles Lamb Boneless Marinated Shoulder With Greek Style Rub | approx 1kg", "price": "$25.00", "unit_price": "$25.00 per 1kg"},
{"product_name": "Coles Lamb Leg Butterflied With Pomegranate And Rosemary | approx 1.2Kg", "price": "$28.80", "unit_price": "$24.00 per 1kg"},
{"product_name": "The Bare Bird Chicken Tenderloins | approx 500g", "price": "$10.50", "unit_price": "$21.00 per 1kg"},
{"product_name": "Coles Made Easy Slow Cooked Pork Ribs With Char Siu Sauce | 750g", "price": "$15.00", "unit_price": "$20.00 per 1kg"},
{"product_name": "Coles RSPCA Approved Chicken Burgers Plain Crumb | 1.2kg", "price": "$14.00", "unit_price": "$11.67 per 1kg"},
{"product_name": "Coles Lean Salt Reduced Beef Corned Silverside | approx 1kg", "price": "$14.00", "unit_price": "$14.00 per 1kg"},
{"product_name": "Coles RPSCA Approved Chicken King Kebab With Middle Eastern Rub | 800g", "price": "$12.00", "unit_price": "$15.00 per 1kg"},
{"product_name": "Coles Organic Beef Mince | 500g", "price": "$12.00", "unit_price": "$24.00 per 1kg"},
{"product_name": "Coles Made Easy Slow Cooked Pork Belly Slices In Tonkatsu Sauce | 400g", "price": "$12.00", "unit_price": "$30.00 per 1kg"},
{"product_name": "Coles Free Range RSPCA Approved Chicken Schnitzel Herb And Garlic | 400g", "price": "$11.00", "unit_price": "$27.50 per 1kg"},
{"product_name": "Cleaver's Organic Grass-Fed Beef Hotdogs Gluten Free | 275g", "price": "$10.50", "unit_price": "$38.18 per 1kg"},
{"product_name": "Coles Free Range Pork Loin Medallions | 300g", "price": "$8.00", "unit_price": "$26.67 per 1kg"},
{"product_name": "Coles Crumbed Squid Salt & Pepper | 270g", "price": "$8.00", "unit_price": "$29.63 per 1kg"},
{"product_name": "V2 Mince Plant Based | 400g", "price": "$7.50", "unit_price": "$18.75 per 1kg"},
{"product_name": "Coles Finest Carbon Neutral Pork Diced | 500g", "price": "$11.00", "unit_price": "$22.00 per 1kg"},
{"product_name": "Coles Graze Lamb Leg Steak With Thyme And Black Pepper Butter | 270g", "price": "$10.50", "unit_price": "$38.89 per 1kg"},
{"product_name": "Coles Finest Lamb Backstrap | approx 226g", "price": "$9.72", "unit_price": "$43.00 per 1kg"},
{"product_name": "Coles Tasmanian Salmon Portion Skin On | 200g", "price": "$9.50", "unit_price": "$47.50 per 1kg"},
{"product_name": "Coles Finest Meatballs | 500g", "price": "$9.00", "unit_price": "$18.00 per 1kg"},
{"product_name": "Coles Chicken Mozzarella And Rocket Sausages | 450g", "price": "$8.00", "unit_price": "$17.78 per 1kg"},
{"product_name": "V2 Schnitzel Original Plant Based 2 Pack | 300g", "price": "$8.00", "unit_price": "$26.67 per 1kg"},
{"product_name": "Coles Entertaining Mini Chicken Satay Style Kebabs | 375g", "price": null, "unit_price": null},
{"product_name": "Coles Lamb Rump Steak 2 Pack | 215g", "price": "$7.50", "unit_price": "$34.88 per 1kg"},
{"product_name": "Coles Pork Scotch Steaks With Hoisin | 300g", "price": "$7.50", "unit_price": "$25.00 per 1kg"},
{"product_name": "Unreal Co Chick'N Chive Sausages | 350g", "price": "$6.50", "unit_price": "$18.57 per 1kg"},
{"product_name": "Coles No Added Hormone Beef Marrow Bones | approx 1.25Kg", "price": "$7.50", "unit_price": "$6.00 per 1kg"},
{"product_name": "Coles RSPCA Approved Chicken Frames | approx 750g", "price": "$4.12", "unit_price": "$5.50 per 1kg"},
{"product_name": "Coles Finest Carbon Neutral Beef Porterhouse Steak | 370g", "price": "$19.00", "unit_price": "$51.35 per 1kg"},
{"product_name": "Coles Made Easy Roast Beef Crusted In Garlic | 700g", "price": "$15.00", "unit_price": "$21.43 per 1kg"},
{"product_name": "Coles Organic Beef Stirfry | 500g", "price": "$15.00", "unit_price": "$30.00 per 1kg"},
{"product_name": "Norfolk Bay Wood Smoked Mussels Garlic | 120g", "price": "$8.50", "unit_price": "$70.83 per 1kg"},
{"product_name": "Norfolk Bay Wood Smoked Mussels Natural | 120g", "price": "$8.50", "unit_price": "$70.83 per 1kg"},
{"product_name": "Coles Slow Cooked Pulled Chicken | 250g", "price": "$8.20", "unit_price": "$32.80 per 1kg"},
{"product_name": "Coles Made Easy Butter Chicken Puff Pastry Parcel | 350g", "price": "$8.00", "unit_price": "$22.86 per 1kg"},
{"product_name": "Coles Deli Thawed Australian Cooked Black Tiger Prawns Large | approx 250g", "price": "$6.50", "unit_price": "$26.00 per 1kg"},
{"product_name": "Ocean Blue Mini Blinis | 168g", "price": "$4.90", "unit_price": "$29.17 per 1kg"},
{"product_name": "Coles Finest Lamb Tenderloins | approx 200g", "price": "$11.00", "unit_price": "$55.00 per 1kg"},
{"product_name": "Inglewood Farms Free Range Organic Chicken Breast Fillets Skin Off | approx 488g", "price": "$15.37", "unit_price": "$31.50 per 1kg"},
{"product_name": "Coles Tasmanian Salmon Portions With Lemon & Herb Crumb | 500g", "price": "$25.00", "unit_price": "$50.00 per 1kg"},
{"product_name": "Coles Made Easy Prosciutto Wrapped Chicken Breasts With Parmigiana Stuffing | 450g", "price": "$13.00", "unit_price": "$28.89 per 1kg"},
{"product_name": "British Sausage Co. Beef Eater Sausage | 1kg", "price": "$12.00", "unit_price": "$12.00 per 1kg"},
{"product_name": "The Fishery Banana Prawn Meat | 200g", "price": "$11.50", "unit_price": "$57.50 per 1kg"},
{"product_name": "Cleaver's Organic Grass-Fed Beef Rump Steak | approx 300g", "price": "$13.20", "unit_price": "$44.00 per 1kg"},
{"product_name": "Coles Finest Carbon Neutral Full Rib Rack | approx 1.2kg", "price": "$26.40", "unit_price": "$22.00 per 1kg"},
{"product_name": "Coles Lamb Leg Butterflied | approx 1.1kg", "price": "$22.00", "unit_price": "$20.00 per 1kg"},
{"product_name": "Coles Tasmanian Salmon Portions Marinated With Garlic & Herb Crumb | 325g", "price": "$16.00", "unit_price": "$49.23 per 1kg"},
{"product_name": "Game Farm Whole Corn Fed Chicken | approx 1.6kg", "price": "$19.20", "unit_price": "$12.00 per 1kg"},
{"product_name": "Talley's Mussels Chilli | 375g", "price": "$8.00", "unit_price": "$21.33 per 1kg"},
{"product_name": "K-Roo Gourmet Kangaroo Meatballs | 420g", "price": "$7.50", "unit_price": "$17.86 per 1kg"},
{"product_name": "Coles Deli Thawed MSC Raw Aussie Oz Garlic Prawn Skewers | 1 each", "price": "$2.20", "unit_price": "$2.20 per 1ea"},
{"product_name": "Coles Lamb Shoulder Roast On The Bone | approx 2.2kg", "price": "$26.40", "unit_price": "$12.00 per 1kg"},
{"product_name": "Coles Pork Bites Sticky Nashville BBQ Sauce | 600g", "price": "$13.00", "unit_price": "$21.67 per 1kg"},
{"product_name": "Cleaver's Organic Free Range Chicken Nuggets | 300g", "price": "$10.50", "unit_price": "$35.00 per 1kg"},
{"product_name": "Ocean Blue Hot Smoked Salmon Portion Pepper | 125g", "price": "$9.00", "unit_price": "$72.00 per 1kg"},
{"product_name": "British Sausage Co Lincolnshire Sausages | 500g", "price": "$8.50", "unit_price": "$17.00 per 1kg"},
{"product_name": "K-Roo Kanga Bangas | 500g", "price": "$8.50", "unit_price": "$17.00 per 1kg"},
{"product_name": "V2 Tenders Southern Style Plant Based 6 Pack | 300g", "price": "$8.00", "unit_price": "$26.67 per 1kg"},
{"product_name": "Three Aussie Farmers Farmhouse Style Pork Sausages | 450g", "price": "$8.00", "unit_price": "$17.78 per 1kg"},
{"product_name": "Coles Slow Cooked Pulled Pork | 250g", "price": "$8.00", "unit_price": "$32.00 per 1kg"},
{"product_name": "Herb & Sons Chicken-Free Schnitzel | 300g", "price": "$8.00", "unit_price": "$26.67 per 1kg"},
{"product_name": "Moira Mac's Original Oven Roasted Chicken Breast                                                                                 | 350g", "price": "$7.95", "unit_price": "$22.71 per 1kg"},
{"product_name": "Coles Finest Hot & Spicy Beef Burgers 2 Pack | 300g", "price": "$7.50", "unit_price": "$25.00 per 1kg"},
{"product_name": "Coles No Added Hormone Beef RR 7X5 Rib Eye Steak | approx500g", "price": "$19.50", "unit_price": "$39.00 per 1kg"},
{"product_name": "Inglewood Farms Organic Chicken Thigh Fillets Skin Off | approx 450g", "price": "$14.18", "unit_price": "$31.50 per 1kg"},
{"product_name": "K-Roo Kangaroo Herb and Garlic Marinated Steak | approx 520g", "price": "$13.00", "unit_price": "$25.00 per 1kg"},
{"product_name": "Coles Boneless Shoulder With Sweet Mint And Rosemary | approx 800g", "price": "$20.00", "unit_price": "$25.00 per 1kg"},
{"product_name": "Tassal Salmon Portions Mustard And Dill | 300g", "price": "$18.00", "unit_price": "$60.00 per 1kg"},
{"product_name": "Coles Made Easy Slow Cooked Lamb Shanks With Red In Sauce | 900g", "price": "$16.00", "unit_price": "$17.78 per 1kg"},
{"product_name": "The Fishery Australian Saddletail Snapper Portions | 260g", "price": "$15.00", "unit_price": "$57.69 per 1kg"},
{"product_name": "Coles Free Range RSPCA Approved Chicken Boneless Lime And Mint | approx 1kg", "price": "$15.00", "unit_price": "$15.00 per 1kg"},
{"product_name": "Coles Finest Australian Chicken Breast Schnitzel With Lemon Myrtle & Mountain Pepper Butter | 425g", "price": "$13.00", "unit_price": "$30.59 per 1kg"},
{"product_name": "Leggos Pasta Sauce Tomato Pepperjack Shiraz | 390g", "price": "$4.40", "unit_price": "$1.13 per 100g"},
{"product_name": "Coles Finest Carbon Neutral Beef Mince | 500g", "price": "$10.00", "unit_price": "$20.00 per 1kg"},
{"product_name": "Coles Deli Thawed MSC Raw Lobster Tails | 1 each", "price": "$9.50", "unit_price": "$9.50 per 1ea"},
{"product_name": "V2 Burger Plant Based 4 Pack | 452g", "price": "$9.00", "unit_price": "$19.91 per 1kg"},
{"product_name": "Inglewood Farms Free Range Organic Chicken Drumsticks | approx 420g", "price": "$4.62", "unit_price": "$11.00 per 1kg"},
{"product_name": "KB's Seafood Imported Raw Marinated Prawns | 260g", "price": "$10.00", "unit_price": "$38.46 per 1kg"},
{"product_name": "Luv A Duck Cooked Duck Breast Peking Flavoured | 360g", "price": "$10.00", "unit_price": "$27.78 per 1kg"},
{"product_name": "Ocean Blue Sliced Smoked Ocean Trout | 100g", "price": "$8.50", "unit_price": "$85.00 per 1kg"},
{"product_name": "Coles Lamb Bones | approx 1kg", "price": "$7.00", "unit_price": "$7.00 per 1kg"},
{"product_name": "Coles No Added Hormone Beef Eye Fillet Roast | approx 450g", "price": "$23.40", "unit_price": "$52.00 per 1kg"},
{"product_name": "KB's Deli Thawed MSC WA Cooked Rock Lobster | 1 each", "price": "$24.00", "unit_price": "$24.00 per 1ea"},
{"product_name": "Coles Finest Carbon Neutral Beef Scotch Fillet Steak | 375g", "price": "$22.00", "unit_price": "$58.67 per 1kg"},
{"product_name": "Coles No Added Hormone Beef Butterflied Texan BBQ | approx 800g", "price": "$16.00", "unit_price": "$20.00 per 1kg"},
{"product_name": "Coles Beef Roast & Onion Garlic & Red Wine Rub | approx 1.2kg", "price": "$20.40", "unit_price": "$17.00 per 1kg"},
{"product_name": "Coles Graze Lamb Leg Roast Half | approx 1.8kg", "price": "$28.80", "unit_price": "$16.00 per 1kg"},
{"product_name": "Coles Tasmanian Cold Smoked Salmon | 250g", "price": "$15.00", "unit_price": "$60.00 per 1kg"},
{"product_name": "Coles Made Easy Chicken Breasts Filled With Garlic & Herb Butter Topped With A Cheese Crumb | 500g", "price": "$13.00", "unit_price": "$26.00 per 1kg"},
{"product_name": "Coles Made Easy Mushroom & Chicken Wellington Roast | 600g", "price": "$12.00", "unit_price": "$20.00 per 1kg"},
{"product_name": "Coles Made Easy Beef Stroganoff With Creamy Sauce | 500g", "price": "$12.00", "unit_price": "$24.00 per 1kg"},
{"product_name": "K-Roo Kangaroo Diced | 500g", "price": "$11.00", "unit_price": "$22.00 per 1kg"},
{"product_name": "Impossible Burgers | 227g", "price": "$9.50", "unit_price": "$41.85 per 1kg"},
{"product_name": "Regal New Zealand King Salmon Manuka Wood Smoked Slices | 100g", "price": "$9.50", "unit_price": "$95.00 per 1kg"},
{"product_name": "Coles Entertaining Pork & Caramelised Onion Sausage Rolls | 550g", "price": null, "unit_price": null},
{"product_name": "Steggles Turkey Rissoles | 400g", "price": "$8.50", "unit_price": "$21.25 per 1kg"},
{"product_name": "Talley's Mussels Natural | 375g", "price": "$8.00", "unit_price": "$21.33 per 1kg"},
{"product_name": "Coles Made Easy Beef Puff Pastry Parcels In Red Wine Sauce | 350g", "price": "$8.00", "unit_price": "$22.86 per 1kg"},
{"product_name": "Coles Beef Rissoles | 440g", "price": "$6.50", "unit_price": "$14.77 per 1kg"},
{"product_name": "Ocean Blue Surimi Sea Sticks | 150g", "price": "$4.00", "unit_price": "$26.67 per 1kg"},
{"product_name": "Coles Lamb Mint & Rosemary Rump Steak | approx 400g", "price": "$12.00", "unit_price": "$30.00 per 1kg"},
{"product_name": "Coles Beef Roast With Mustard And Black Pepper | approx 900g", "price": "$18.00", "unit_price": "$20.00 per 1kg"},
{"product_name": "Coles Beef Porterhouse Thin Cut | 440g", "price": "$19.00", "unit_price": "$43.18 per 1kg"},
{"product_name": "Luv A Duck A L'orange Duck Legs | 500g", "price": "$15.00", "unit_price": "$30.00 per 1kg"},
{"product_name": "Coles Lamb Shoulder Butterflied With Smokey Marinade | approx 800g", "price": "$14.40", "unit_price": "$18.00 per 1kg"},
{"product_name": "Coles Smoked Meaty Pork Leg Hock | approx 1kg", "price": "$14.00", "unit_price": "$14.00 per 1kg"},
{"product_name": "Coles Pork Slow Cook Scotch Roast | approx 1.5kg", "price": "$20.25", "unit_price": "$13.50 per 1kg"},
{"product_name": "Coles Family Classic Chicken & Pork Thai Curry Meatballs | 700g", "price": "$12.00", "unit_price": "$17.14 per 1kg"},
{"product_name": "Coles Made Easy Slow Cooked Beef Ragu In Tomato Sauce | 750g", "price": "$15.00", "unit_price": "$20.00 per 1kg"},
{"product_name": "Coles Made Easy Moroccan Lamb Filo Rolls With Fetta & Pumpkin | 400g", "price": "$13.00", "unit_price": "$32.50 per 1kg"},
{"product_name": "Coles RSPCA Approved Chicken Boneless Roast With Apricot & Herb Stuffing | 1kg", "price": "$12.50", "unit_price": "$12.50 per 1kg"},
{"product_name": "Tassal Tasmanian Smoked Salmon | 150g", "price": "$12.00", "unit_price": "$80.01 per 1kg"},
{"product_name": "Cleaver's Organic Grass-Fed Beef Meatballs | 380g", "price": "$11.00", "unit_price": "$28.95 per 1kg"},
{"product_name": "K-Roo Kangaroo Burgers | 440g", "price": "$8.50", "unit_price": "$19.32 per 1kg"},
{"product_name": "Three Aussie Farmers Louisiana Pork Sausage | 450g", "price": "$8.00", "unit_price": "$17.78 per 1kg"},
{"product_name": "Moira Mac's BBQ Oven Roasted Chicken Breast | 350g", "price": "$7.95", "unit_price": "$22.71 per 1kg"},
{"product_name": "Olga's Fine Foods Chicken Patties | 500g", "price": "$6.30", "unit_price": "$12.60 per 1kg"},
{"product_name": "Coles No Added Hormone Beef Cheeks | approx 500g", "price": "$13.50", "unit_price": "$27.00 per 1kg"},
{"product_name": "Coles No Added Hormone Beef Brisket Point End Large Piece | approx 1.75kg", "price": "$26.25", "unit_price": "$15.00 per 1kg"},
{"product_name": "Coles Free Range Pork Fillet | approx 500g", "price": "$13.00", "unit_price": "$26.00 per 1kg"},
{"product_name": "Lilydale Butterflied Boneless Chicken Jamacian Jerk | approx 1.35kg", "price": "$20.93", "unit_price": "$15.50 per 1kg"},
{"product_name": "Coles No Added Hormone Beef Steak Crumbed | 340g", "price": "$9.80", "unit_price": "$28.82 per 1kg"},
{"product_name": "Richmond Valley Veal Mince | 400g", "price": "$8.00", "unit_price": "$20.00 per 1kg"},
{"product_name": "Coles Pork Scotch Steak With Rosemary & Honey Butter | 280g", "price": "$7.50", "unit_price": "$26.79 per 1kg"},
{"product_name": "Coles No Added Hormone Beef Short Rib Fingers | approx 930g", "price": "$21.86", "unit_price": "$23.50 per 1kg"},
{"product_name": "Coles Finest Carbon Neutral Beef Eye Fillet Steak | 330g", "price": "$23.00", "unit_price": "$69.70 per 1kg"},
{"product_name": "Coles Made Easy Slow Cooked Beef Brisket | 700g", "price": "$18.00", "unit_price": "$25.71 per 1kg"},
{"product_name": "Tassal Tasmanian Smoked Salmon Premium Selection | 180g", "price": "$15.00", "unit_price": "$83.34 per 1kg"},
{"product_name": "Coles Made Easy Slow Cooked Pork & Beef Meatballs In Tomato Sauce | 800g", "price": "$13.00", "unit_price": "$16.25 per 1kg"},
{"product_name": "Coles Lamb Rump Roast 2 pack | 400g", "price": "$13.00", "unit_price": "$32.50 per 1kg"},
{"product_name": "Coles Made Easy Bacon Wrapped Chicken Parcels With Pumpkin Spinach & Fetta Stuffing | 600g", "price": "$13.00", "unit_price": "$21.67 per 1kg"},
{"product_name": "Tassal Tasmanian Smoked Salmon Twin Pack | 100g", "price": "$12.50", "unit_price": "$125.00 per 1kg"},
{"product_name": "Small Batch Angus Beef And Ale Red Caramelised Onion Premium Sausages | 450g", "price": "$8.00", "unit_price": "$17.78 per 1kg"},
{"product_name": "Coles Made Easy Chicken Puff Pastry Parcels With Parmesan & Garlic | 350g", "price": "$8.00", "unit_price": "$22.86 per 1kg"},
{"product_name": "KB's Seafood Crumbed Squid Chips | 200g", "price": "$6.00", "unit_price": "$30.00 per 1kg"},
{"product_name": "Coles Crumbed Fish Bites Salt & Pepper | 280g", "price": "$6.00", "unit_price": "$21.43 per 1kg"},
{"product_name": "Coles Deli RSPCA Approved Chicken Breast Kebab Thai | 1 each", "price": "$1.40", "unit_price": "$1.40 per 1ea"},
{"product_name": "Coles Lamb Leg Steak With Middle Eastern Rub 2 Pack | 210g", "price": "$7.50", "unit_price": "$35.72 per 1kg"},
{"product_name": "Coles Deli RSPCA Approved Chicken Schnitzel | 250g", "price": "$4.00", "unit_price": "$16.00 per 1kg"},
{"product_name": "Coles Finest Lamb Frenched Rack Roast | approx 226g", "price": "$10.85", "unit_price": "$48.00 per 1kg"},
{"product_name": "Coles Graze Lamb Backstrap | approx 300g", "price": "$14.40", "unit_price": "$48.00 per 1kg"},
{"product_name": "Coles Deli Thawed Cooked Peeled Prawn Cutlets | approx 250g", "price": "$8.50", "unit_price": "$34.00 per 1kg"},
{"product_name": "Agrios Wild Alaskan Red Sockeye Salmon Portions Skin On | 220g", "price": "$15.00", "unit_price": "$68.18 per 1kg"},
{"product_name": "Coles Boneless Small Pork Loin Roast | approx 1.25kg", "price": "$13.75", "unit_price": "$11.00 per 1kg"},
{"product_name": "Coles Finest Pork Sage And Black Pepper Sausages | 500g", "price": "$9.00", "unit_price": "$18.00 per 1kg"},
{"product_name": "Coles Lamb Rack Roast | approx 900g", "price": "$25.20", "unit_price": "$28.00 per 1kg"},
{"product_name": "Tassal Fresh Tassie Salmon Portions Skin Off | 300g", "price": "$19.00", "unit_price": "$63.34 per 1kg"},
{"product_name": "Drovers Choice Beef Chunky Casserole Steaks | approx 1kg", "price": "$18.00", "unit_price": "$18.00 per 1kg"},
{"product_name": "Coles Rspca Approved Chicken Breast Kiev Creamy Garlic | 350g", "price": "$9.50", "unit_price": "$27.14 per 1kg"},
{"product_name": "Coles Entertaining Mini Chicken Teriyaki Kebabs | 375g", "price": null, "unit_price": null},
{"product_name": "The Fishery Smooth Dory Fillets | 200g", "price": "$7.50", "unit_price": "$37.50 per 1kg"},
{"product_name": "Coles Crumbed Pork Schnitzel | 300g", "price": "$6.50", "unit_price": "$21.67 per 1kg"},
{"product_name": "Coles Graze Grassfed Beef Diced Steak | 500g", "price": "$14.00", "unit_price": "$28.00 per 1kg"},
{"product_name": "Richmond Valley Veal Sizzle Steak | 400g", "price": "$12.00", "unit_price": "$30.00 per 1kg"},
{"product_name": "Three Aussie Farmers The Outback BBQ Beef & Pork Burgers | 500g", "price": "$9.00", "unit_price": "$18.00 per 1kg"},
{"product_name": "Coles Cooked Jumbo Prawn Cutlets | 240g", "price": "$14.50", "unit_price": "$60.42 per 1kg"},
{"product_name": "Regal New Zealand King Salmon Beech Wood Smoked Slices | 100g", "price": "$9.50", "unit_price": "$95.00 per 1kg"},
{"product_name": "Coles Hot Smoked Salmon Natural | 150g", "price": "$8.00", "unit_price": "$53.34 per 1kg"},
{"product_name": "Coles Deli Thawed Australian MSC Raw Peeled Banana Prawns Cutlet | approx 250g", "price": "$8.75", "unit_price": "$35.00 per 1kg"},
{"product_name": "Coles Tasmanian Cold Smoked Salmon | 500g", "price": "$25.00", "unit_price": "$50.00 per 1kg"},
{"product_name": "Tassal Salmon Portions Skin On | 300g", "price": "$18.00", "unit_price": "$60.00 per 1kg"},
{"product_name": "Tassal Tasmanian Smoked Salmon Pieces For Cooking | 200g", "price": "$11.50", "unit_price": "$57.50 per 1kg"},
{"product_name": "Coles RSPCA Approved Chicken Kebabs With Sticky BBQ Rub | 750g", "price": "$11.50", "unit_price": "$15.33 per 1kg"},
{"product_name": "Coles BBQ Pack | 1kg", "price": "$11.00", "unit_price": "$11.00 per 1kg"},
{"product_name": "Coles Deli RSPCA Approved Chicken Nibbles Honey Soy | approx 70g", "price": "$0.63", "unit_price": "$9.00 per 1kg"},
{"product_name": "Coles RSPCA Approved Chicken Breast Tenders Plain Crumb | 400g", "price": "$8.00", "unit_price": "$20.00 per 1kg"},
{"product_name": "Coles Beef Kebabs | 500g", "price": "$7.50", "unit_price": "$15.00 per 1kg"},
{"product_name": "Coles Deli Thawed Peeled Garlic Prawns | approx 250g", "price": "$7.25", "unit_price": "$29.00 per 1kg"},
{"product_name": "Coles Deli RSPCA Approved Chicken Breast Satay Style Kebab | 1 each", "price": "$1.40", "unit_price": "$1.40 per 1ea"},
{"product_name": "Coles Graze Grassfed Beef Fillet Steak | 300g", "price": "$18.00", "unit_price": "$60.00 per 1kg"},
{"product_name": "Coles No Added Hormone Beef Oyster Blade Steak | 500g", "price": "$13.00", "unit_price": "$26.00 per 1kg"},
{"product_name": "Coles Australian Whiting Mini Fillets With Plain Crumb | 285g", "price": "$11.50", "unit_price": "$40.35 per 1kg"},
{"product_name": "Coles RSPCA Approved Chicken Tenders Southern Fried | 400g", "price": "$10.00", "unit_price": "$25.00 per 1kg"},
{"product_name": "Coles Thin BBQ Pork Sausages | 560g", "price": "$6.50", "unit_price": "$11.61 per 1kg"},
{"product_name": "Coles Deli RSPCA Approved Chicken Breast Kebab Honey Soy | 1 each", "price": "$1.40", "unit_price": "$1.40 per 1ea"},
{"product_name": "Coles Finest Lamb Frenched Cutlets | approx 208g", "price": "$10.40", "unit_price": "$50.00 per 1kg"},
{"product_name": "Coles Graze Lamb Extra Trim Cutlets | approx 300g", "price": "$13.80", "unit_price": "$46.00 per 1kg"},
{"product_name": "Coles Lamb Leg Butterflied With Rosemary & Garlic Marinade | approx 1kg", "price": "$20.00", "unit_price": "$20.00 per 1kg"},
{"product_name": "Coles Grill Lamb Ribs In A Sticky BBQ Rub | 750g", "price": "$16.50", "unit_price": "$22.00 per 1kg"},
{"product_name": "Coles Beef Blade Roast | approx 1.42kg", "price": "$21.30", "unit_price": "$15.00 per 1kg"},
{"product_name": "Coles Graze Grassfed Beef Stir Fry | 500g", "price": "$13.00", "unit_price": "$26.00 per 1kg"},
{"product_name": "Coles Pork Loin Chops | approx 887g", "price": "$16.85", "unit_price": "$19.00 per 1kg"},
{"product_name": "Cleaver's Organic Grass-Fed Extra Lean Beef Mince | 500g", "price": "$15.00", "unit_price": "$30.00 per 1kg"},
{"product_name": "Coles No Added Hormone Beef Rump Steak | 500g", "price": "$15.00", "unit_price": "$30.00 per 1kg"},
{"product_name": "Coles No Added Hormone Beef Brisket Slow Cook | approx 1.4kg", "price": "$21.00", "unit_price": "$15.00 per 1kg"},
{"product_name": "Lilydale Free Range Chicken Breast Strips Crumbed | 400g", "price": "$11.50", "unit_price": "$28.75 per 1kg"},
{"product_name": "Coles RSPCA Approved Chicken Breast Fillet Crumb Sage & Rosemary | 400g", "price": "$10.00", "unit_price": "$25.00 per 1kg"},
{"product_name": "Coles Finest Beef And Margaret River Shiraz Sausages | 500g", "price": "$9.00", "unit_price": "$18.00 per 1kg"},
{"product_name": "Coles RSPCA Approved Chicken Necks | approx 1.1kg", "price": "$7.15", "unit_price": "$6.50 per 1kg"},
{"product_name": "Coles Butcher Lamb Leg Roast Boneless | approx 1.08kg", "price": "$17.28", "unit_price": "$16.00 per 1kg"},
{"product_name": "Coles Beef Ribs | approx 800g", "price": "$12.00", "unit_price": "$15.00 per 1kg"},
{"product_name": "Lilydale Free Range Chicken Mince | 500g", "price": "$11.00", "unit_price": "$22.00 per 1kg"},
{"product_name": "Coles Finest Lamb Garlic And Oregano Sausages | 450g", "price": "$9.00", "unit_price": "$20.00 per 1kg"},
{"product_name": "Ocean Blue Sliced Smoked Salmon | 50g", "price": "$4.90", "unit_price": "$98.00 per 1kg"},
{"product_name": "Coles Pork Mini Shoulder Roast Boneless | approx 1kg", "price": "$12.50", "unit_price": "$12.50 per 1kg"},
{"product_name": "Coles Made Easy Chicken Strips In Souvlaki Seasoning | 500g", "price": "$11.00", "unit_price": "$22.00 per 1kg"},
{"product_name": "Coles RSPCA Chicken Portions With Herb Sprinkle | approx 1.46kg", "price": "$11.68", "unit_price": "$8.00 per 1kg"},
{"product_name": "Rocco's Vienna Style Frankfurters | 450g", "price": "$8.00", "unit_price": "$17.78 per 1kg"},
{"product_name": "Ocean Blue Smoked Salmon | 350g", "price": "$20.00", "unit_price": "$57.14 per 1kg"},
{"product_name": "Coles Graze Grassfed Beef New York Strip Steak | 380g", "price": "$17.00", "unit_price": "$44.74 per 1kg"},
{"product_name": "Coles Tasmanian Salmon Diced | 300g", "price": "$14.50", "unit_price": "$48.33 per 1kg"},
{"product_name": "Coles Lamb Leg Steak With Greek Style Marinade | 210g", "price": "$7.50", "unit_price": "$35.72 per 1kg"},
{"product_name": "Coles Beef Chevaps | 400g", "price": "$6.50", "unit_price": "$16.25 per 1kg"},
{"product_name": "Coles No Added Hormone Beef Shin Gravy Beef Whole Piece | approx 850g", "price": "$14.45", "unit_price": "$17.00 per 1kg"},
{"product_name": "Coles Prawns Raw Peeled | 260g", "price": "$12.50", "unit_price": "$48.08 per 1kg"},
{"product_name": "Coles Deli Thawed Cooked Peeled Prawn Cutlets | 1kg", "price": "$34.00", "unit_price": "$34.00 per 1kg"},
{"product_name": "Coles Lamb Strips In Souvlaki Marinade | 500g", "price": "$14.00", "unit_price": "$28.00 per 1kg"},
{"product_name": "Coles Graze Lamb Mince  | 500g", "price": "$8.50", "unit_price": "$17.00 per 1kg"},
{"product_name": "Coles Graze Grassfed Beef Sausages | 500g", "price": "$8.00", "unit_price": "$16.00 per 1kg"},
{"product_name": "Coles Beef Soup Bones Vac | approx 1.1kg", "price": "$7.70", "unit_price": "$7.00 per 1kg"},
{"product_name": "Coles Finest Mixed Selection Sausage Pack | 500g", "price": "$9.00", "unit_price": "$18.00 per 1kg"},
{"product_name": "Coles RSPCA Approved Chicken Kebabs Honey & Soy | 375g", "price": "$8.00", "unit_price": "$21.33 per 1kg"},
{"product_name": "Coles RSPCA Approved Chicken Popcorn Southern Fried | 400g", "price": "$8.00", "unit_price": "$20.00 per 1kg"},
{"product_name": "Cleaver's Organic Grass-Fed Premium Beef Mince | 500g", "price": "$14.00", "unit_price": "$28.00 per 1kg"},
{"product_name": "Coles RSPCA Approved Chicken Mixed Portions Southern Fried | approx 1.3kg", "price": "$15.60", "unit_price": "$12.00 per 1kg"},
{"product_name": "Coles Finest Italian Style Pork Sausages | 500g", "price": "$9.00", "unit_price": "$18.00 per 1kg"},
{"product_name": "Coles Graze Grassfed Beef Scotch Fillet Steak | 250g", "price": "$11.00", "unit_price": "$44.00 per 1kg"},
{"product_name": "Coles Graze Grass Fed No Added Hormone Beef Oyster Blade Thin Sliced Steak | 400g", "price": "$10.00", "unit_price": "$25.00 per 1kg"},
{"product_name": "Coles RSPCA Approved Chicken Giblets         | approx 600g", "price": "$4.80", "unit_price": "$8.00 per 1kg"},
{"product_name": "Coles RSPCA Approved Chicken Breast Schnitzel Garlic & Herb Crumb | 600g", "price": "$10.50", "unit_price": "$17.50 per 1kg"},
{"product_name": "Coles Sliced Pork Belly With Sweet Soy Glaze | 300g", "price": "$8.00", "unit_price": "$26.67 per 1kg"},
{"product_name": "Coles Deli Thawed Cooked Prawn Plate Small | 200g", "price": "$10.30", "unit_price": "$51.50 per 1kg"},
{"product_name": "Coles Boneless Pork Shoulder Roast | approx 2.6kg", "price": "$26.00", "unit_price": "$10.00 per 1kg"},
{"product_name": "Coles Pork Scotch Fillet Steak | 300g", "price": "$6.50", "unit_price": "$21.67 per 1kg"},
{"product_name": "Coles Finest Sausages Beef Garlic Parsley | 500g", "price": "$9.00", "unit_price": "$18.00 per 1kg"},
{"product_name": "Coles RSPCA Approved Free Range Chicken Whole | approx 1.6kg", "price": "$10.40", "unit_price": "$6.50 per 1kg"},
{"product_name": "Coles Gravy Beef | 800g", "price": "$15.00", "unit_price": "$18.75 per 1kg"},
{"product_name": "Coles No Added Hormones Beef Scotch Steak With Truffle Inspired Butter | 265g", "price": "$12.00", "unit_price": "$45.28 per 1kg"},
{"product_name": "Coles RSPCA Approved Free Range Chicken Maryland | approx 800g", "price": "$8.00", "unit_price": "$10.00 per 1kg"},
{"product_name": "Coles Basa Portions Skin Off 2 Pack | 260g", "price": "$5.80", "unit_price": "$22.31 per 1kg"},
{"product_name": "Coles Tasmanian Salmon Portions Skin On 2 Pack | 280g", "price": "$15.00", "unit_price": "$53.57 per 1kg"},
{"product_name": "Coles No Added Hormone Beef Sandwich Steak | 400g", "price": "$10.00", "unit_price": "$25.00 per 1kg"},
{"product_name": "Coles Pork Chipolatas | 550g", "price": "$6.60", "unit_price": "$12.00 per 1kg"},
{"product_name": "Coles RSPCA Approved Chicken Spicy Buttermilk Wings | 500g", "price": "$9.00", "unit_price": "$18.00 per 1kg"},
{"product_name": "Coles Graze Grass Fed Beef Meatballs | 420g", "price": "$7.50", "unit_price": "$17.86 per 1kg"},
{"product_name": "Coles Free Range Pork Mince | 500g", "price": "$7.00", "unit_price": "$14.00 per 1kg"},
{"product_name": "Coles RSPCA Approved Free Range Chicken Tenderloins | approx 600g", "price": "$12.00", "unit_price": "$20.00 per 1kg"},
{"product_name": "Lilydale Chicken Breast Schnitzels | 400g", "price": "$13.00", "unit_price": "$32.50 per 1kg"},
{"product_name": "Coles Gluten Free Beef Burgers Graze Grass Fed Oregano & Fresh Parsley | 500g", "price": "$9.00", "unit_price": "$18.00 per 1kg"},
{"product_name": "Coles Brand Beef Fillet Steak | 450g", "price": "$23.50", "unit_price": "$52.22 per 1kg"},
{"product_name": "Coles RSPCA Chicken Schnitzel Plain Crumb | 1.2kg", "price": "$12.50", "unit_price": "$10.42 per 1kg"},
{"product_name": "Coles Beef Chipolatas | 550g", "price": "$6.60", "unit_price": "$12.00 per 1kg"},
{"product_name": "Coles RSPCA Approved Free Range Chicken Breast Fillet Small Pack | approx 600g", "price": "$10.20", "unit_price": "$17.00 per 1kg"},
{"product_name": "Ocean Blue Sliced Smoked Salmon | 180g", "price": "$12.50", "unit_price": "$69.45 per 1kg"},
{"product_name": "Coles RSPCA Approved Chicken Breast Kiev Garlic Butter  | 700g", "price": "$8.50", "unit_price": "$12.14 per 1kg"},
{"product_name": "Coles Hot Smoked Salmon Cracked Pepper | 150g", "price": "$8.00", "unit_price": "$53.34 per 1kg"},
{"product_name": "Coles Beef & Pork Meatballs Classic 28 Pack                                                                                            | 560g", "price": "$8.00", "unit_price": "$14.29 per 1kg"},
{"product_name": "Coles Deli Thawed Basa Fillets | approx 200g", "price": "$1.80", "unit_price": "$9.00 per 1kg"},
{"product_name": "Coles RSPCA Approved Chicken Kebabs Honey & Soy | 750g", "price": "$11.50", "unit_price": "$15.33 per 1kg"},
{"product_name": "Coles Lamb Boneless Shoulder Roast | approx 1.3kg", "price": "$28.60", "unit_price": "$22.00 per 1kg"},
{"product_name": "Coles RSPCA Approved Extra Large Whole Chicken | approx 2.4kg", "price": "$13.20", "unit_price": "$5.50 per 1kg"},
{"product_name": "Coles Graze Grass Fed No Added Hormone Beef Mince | 500g", "price": "$9.50", "unit_price": "$19.00 per 1kg"},
{"product_name": "Coles RSPCA Approved Chicken Tenderloins | approx 600g", "price": "$10.80", "unit_price": "$18.00 per 1kg"},
{"product_name": "Coles RSPCA Approved Chicken Drumsticks | 2kg", "price": "$8.00", "unit_price": "$4.00 per 1kg"},
{"product_name": "Coles Deli RSPCA Approved Chicken Breast Chunks | approx 250g", "price": "$2.88", "unit_price": "$11.50 per 1kg"},
{"product_name": "Steggles Turkey Mince | 500g", "price": "$6.50", "unit_price": "$13.00 per 1kg"},
{"product_name": "Coles Lamb Loin Chops | approx 500g ", "price": "$14.00", "unit_price": "$28.00 per 1kg"},
{"product_name": "Coles No Added Hormone Beef Porterhouse Steak With Thyme And Pepper Butter | 500g", "price": "$18.00", "unit_price": "$36.00 per 1kg"},
{"product_name": "Coles Pork Sirloin Steak Lightly Marinated | 500g", "price": "$11.50", "unit_price": "$23.00 per 1kg"},
{"product_name": "Coles Pork Loin Steaks Thin Cut Fff | 500g", "price": "$8.50", "unit_price": "$17.00 per 1kg"},
{"product_name": "Lilydale Free Range Chicken Breast Fillets Small Pack  | approx 600g", "price": "$11.10", "unit_price": "$18.50 per 1kg"},
{"product_name": "Coles No Added Hormone Beef 4 Star Lean Mince | 800g", "price": "$12.50", "unit_price": "$15.63 per 1kg"},
{"product_name": "Coles RSPCA Approved Chicken Thigh Fillets Small Pack | approx 700g", "price": "$11.55", "unit_price": "$16.50 per 1kg"},
{"product_name": "Coles Deli Fresh Tasmanian Salmon Portions Skin On | approx 200g", "price": "$8.40", "unit_price": "$42.00 per 1kg"},
{"product_name": "Coles No Added Hormone Beef 4 Star Lean Mince | 500g", "price": "$9.00", "unit_price": "$18.00 per 1kg"},
{"product_name": "Coles RSPCA Approved Chicken Drumsticks Large Pack | approx 1.6kg", "price": "$7.20", "unit_price": "$4.50 per 1kg"},
{"product_name": "Coles No Added Hormone Beef 5 Star Extra Trim Mince | 500g", "price": "$10.00", "unit_price": "$20.00 per 1kg"},
{"product_name": "Coles No Added Hormone Beef 3 Star Regular Mince | 500g", "price": "$6.50", "unit_price": "$13.00 per 1kg"},
{"product_name": "Coles RSPCA Approved Chicken Thigh Fillets Large Pack | approx 1.2kg", "price": "$16.20", "unit_price": "$13.50 per 1kg"},
{"product_name": "Coles RSPCA Approved Chicken Breast Fillets Small Pack | approx 600g", "price": "$8.40", "unit_price": "$14.00 per 1kg"},
{"product_name": "Coles Pork Sizzle Steaks | 400g", "price": "$8.00", "unit_price": "$20.00 per 1kg"},
{"product_name": "Coles Pork 3 Star Mince Regular | 500g", "price": "$5.00", "unit_price": "$10.00 per 1kg"},
{"product_name": "Coles Boneless Pork Leg Roast | approx 2.1kg", "price": "$17.85", "unit_price": "$8.50 per 1kg"},
{"product_name": "Coles Pork Loin Steaks With Smokey BBQ Rub | 400g", "price": "$9.50", "unit_price": "$23.75 per 1kg"},
{"product_name": "Coles Pork Spare Ribs | approx 950g", "price": "$15.20", "unit_price": "$16.00 per 1kg"},
{"product_name": "Primo Gourmet Beef & Pork Chorizo Sausage | 450g", "price": "$8.50", "unit_price": "$18.89 per 1kg"},
{"product_name": "Primo Gourmet World Flavours German Bratwurst Sausage | 450g", "price": "$8.50", "unit_price": "$18.89 per 1kg"},
{"product_name": "Primo Gourmet World Flavours South African Boerewors | 450g", "price": "$8.50", "unit_price": "$18.89 per 1kg"},
{"product_name": "Primo Gourmet Caramelised Onion Pork Sausage | 450g", "price": "$8.50", "unit_price": "$18.89 per 1kg"},
{"product_name": "Primo Beef With Cracked Black Pepper | 450g", "price": "$8.50", "unit_price": "$18.89 per 1kg"}
]