[
{"product_name": "Coles RSPCA Approved Chicken Breast Fillets Large Pack | approx 1.4kg", "price": "$15.40", "unit_price": "$11.00 per 1kg"},
{"product_name": "Coles 3 Star Lamb Mince | 500g", "price": "$7.00", "unit_price": "$14.00 per 1kg"},
{"product_name": "Coles Beef Eye Fillet Steak Small | 300g", "price": "$16.00", "unit_price": "$53.34 per 1kg"},
{"product_name": "Coles Lamb Whole Lamb Leg Roast | approx 2.8kg", "price": "$28.00", "unit_price": "$10.00 per 1kg"},
{"product_name": "Coles Lamb Loin Chops Bulk | approx 890g", "price": "$24.92", "unit_price": "$28.00 per 1kg"},
{"product_name": "Coles Deli Fresh Tasmanian Salmon Portions Skin Off | approx 250g", "price": "$10.50", "unit_price": "$42.00 per 1kg"},
{"product_name": "Coles RSPCA Approved Chicken Wing Nibbles | approx 1.1kg", "price": "$8.80", "unit_price": "$8.00 per 1kg"},
{"product_name": "Coles Beef Scotch Steak Fillet 2 Pack | 480g", "price": "$20.00", "unit_price": "$41.67 per 1kg"},
{"product_name": "Coles Beef Scotch Fillet Thin Cut | 400g", "price": "$16.00", "unit_price": "$40.00 per 1kg"},
{"product_name": "Lilydale Free Range Chicken Breast Fillets Bulk Pack  | approx 1kg", "price": "$16.00", "unit_price": "$16.00 per 1kg"},
{"product_name": "Connoisseur Ice Cream Mint Cookies 4 Pack | 400mL", "price": "$7.00", "unit_price": "$1.75 per 100mL"},
{"product_name": "Four N Twenty Angus Beef Pies | 700g", "price": "$11.00", "unit_price": "$1.57 per 100g"},
{"product_name": "Peters Gluten Free Frosty Fruits Watermelon Slice Ice Cream Stick 8 pack | 520mL", "price": "$9.00", "unit_price": "$1.73 per 100mL"},
{"product_name": "Birds Eye Golden Crunch Potato Gems | 900g", "price": "$6.50", "unit_price": "$7.22 per 1kg"},
{"product_name": "Zooper Dooper 8 Cosmic Flavours Water Ice 70mL Tubes | 24 pack", "price": "$7.00", "unit_price": "$0.42 per 100mL"},
{"product_name": "Peters Gluten Free Original Vanilla Ice Cream Tub | 2L", "price": "$5.50", "unit_price": "$0.28 per 100mL"},
{"product_name": "Connoisseur Classic Vanilla Ice Cream Tub | 1L", "price": "$12.00", "unit_price": "$1.20 per 100mL"},
{"product_name": "Cadbury Dairy Milk Hazelnut Ice Cream 4 pack | 360mL", "price": "$9.50", "unit_price": "$2.64 per 100mL"},
{"product_name": "Coles Frozen Onions Chopped | 500g", "price": "$2.70", "unit_price": "$5.40 per 1kg"},
{"product_name": "Coles Frozen Sweet Potato Chips | 750g", "price": "$5.00", "unit_price": "$6.67 per 1kg"},
{"product_name": "Casale Parma Matonella | approx 100g", "price": "$5.10", "unit_price": "$51.00 per 1kg"},
{"product_name": "Streets Blue Ribbon Duos Berry Passion Pavlova | 2L", "price": "$10.00", "unit_price": "$0.50 per 100mL"},
{"product_name": "Norfolk Bay Wood Smoked Mussels Garlic | 120g", "price": "$8.50", "unit_price": "$70.83 per 1kg"},
{"product_name": "Norfolk Bay Wood Smoked Mussels Natural | 120g", "price": "$8.50", "unit_price": "$70.83 per 1kg"},
{"product_name": "Coles Slow Cooked Pulled Chicken | 250g", "price": "$8.20", "unit_price": "$32.80 per 1kg"},
{"product_name": "Coles Made Easy Butter Chicken Puff Pastry Parcel | 350g", "price": "$8.00", "unit_price": "$22.86 per 1kg"},
{"product_name": "Coles Deli Thawed Australian Cooked Black Tiger Prawns Large | approx 250g", "price": "$6.50", "unit_price": "$26.00 per 1kg"},
{"product_name": "Ocean Blue Mini Blinis | 168g", "price": "$4.90", "unit_price": "$29.17 per 1kg"},
{"product_name": "Coles Finest Lamb Tenderloins | approx 200g", "price": "$11.00", "unit_price": "$55.00 per 1kg"},
{"product_name": "Inglewood Farms Free Range Organic Chicken Breast Fillets Skin Off | approx 488g", "price": "$15.37", "unit_price": "$31.50 per 1kg"},
{"product_name": "Coles Lamb Boneless Leg Roast Small | approx 490g", "price": "$13.23", "unit_price": "$27.00 per 1kg"},
{"product_name": "Coles Tasmanian Salmon Portions With Lemon & Herb Crumb | 500g", "price": "$25.00", "unit_price": "$50.00 per 1kg"},
{"product_name": "Coles Gluten Free Pizza Base | 300g", "price": "$6.50", "unit_price": "$2.17 per 100g"},
{"product_name": "Bakehaven Rye Sourdough Vienna Loaf | 500g", "price": "$6.00", "unit_price": "$1.20 per 100g"},
{"product_name": "Steggles Garlic Kiev | 350g", "price": "$9.50", "unit_price": "$27.14 per 1kg"},
{"product_name": "On The Menu Frozen Beef Lasagne | 1kg", "price": "$9.50", "unit_price": "$0.95 per 100g"},
{"product_name": "Fitness Outcomes Frozen Sriracha Free Range Chicken With Basmati Rice & Broccoli | 350g", "price": "$9.00", "unit_price": "$2.57 per 100g"},
{"product_name": "Coles I'M Free From Beef Pies | 340g", "price": "$8.70", "unit_price": "$2.56 per 100g"},
{"product_name": "Steggles Chicken Breast Schnitzel | 400g", "price": "$8.50", "unit_price": "$21.25 per 1kg"},
{"product_name": "Sabrini Punjabi Asli Samosa | 1500g", "price": "$8.50", "unit_price": "$0.57 per 100g"},
{"product_name": "Hanabi Frozen BBQ Pork Buns | 300g", "price": "$8.50", "unit_price": "$2.83 per 100g"},
{"product_name": "I&J Frozen Tasty Lightly Crumbed Calamari Rings | 400g", "price": "$8.00", "unit_price": "$20.00 per 1kg"},
{"product_name": "Birds Eye Frozen Fish Fillets With Lemon Pepper Crumb Oven Bake 6 pack | 425g", "price": "$8.00", "unit_price": "$18.82 per 1kg"},
{"product_name": "Weight Watchers Immunity Yellow Veg Curry | 320g", "price": "$7.50", "unit_price": "$2.34 per 100g"},
{"product_name": "KB's Tempura Battered Hoki Fillets | 300g", "price": "$7.50", "unit_price": "$25.00 per 1kg"},
{"product_name": "Scoop & Weigh Superfood Dragon Fruit Smoothie Powder | approx 100g", "price": "$7.99", "unit_price": "$79.90 per 1kg"},
{"product_name": "Lemnos Traditional Fetta Twin Pack | 200g", "price": "$7.00", "unit_price": "$35.00 per 1kg"},
{"product_name": "Provedore Garlic & Fennel Salami | 100g", "price": "$6.00", "unit_price": "$60.00 per 1kg"},
{"product_name": "I&J The Finest Frozen Salmon Portions Skin Off | 500g", "price": "$26.00", "unit_price": "$52.00 per 1kg"},
{"product_name": "I&J Frozen Raw Prawns Tail On Extra Large | 500g", "price": "$21.50", "unit_price": "$43.00 per 1kg"},
{"product_name": "Royal Ebi Raw Prawn Cutlet | 500g", "price": "$18.00", "unit_price": "$36.00 per 1kg"},
{"product_name": "Royal EBI Cooked Prawn Meat | 500g", "price": "$15.00", "unit_price": "$30.00 per 1kg"},
{"product_name": "Coles Hoki Fillets | 700g", "price": "$13.00", "unit_price": "$18.57 per 1kg"},
{"product_name": "Pana Organic Frozen Dessert Coco Crunch 4 Pack | 360mL", "price": "$12.50", "unit_price": "$3.47 per 100mL"},
{"product_name": "Cadbury Dairy Milk Ice Cream Caramilk | 460mL", "price": "$12.00", "unit_price": "$2.61 per 100mL"},
{"product_name": "Magnum Ice Cream Tahiti Passionfruit White Choc 4 Pack | 360mL", "price": "$10.50", "unit_price": "$2.92 per 100mL"},
{"product_name": "Ben & Jerrys Non Dairy Berry Revolutionry Sundae | 427mL", "price": "$10.00", "unit_price": "$2.34 per 100mL"},
{"product_name": "Hanabi Frozen Shanghai Pork Dumplings | 400g", "price": "$10.00", "unit_price": "$2.50 per 100g"},
{"product_name": "Drumstick Ice Cream Cua Vanilla Caramel 4pack | 475mL", "price": "$9.50", "unit_price": "$2.00 per 100mL"},
{"product_name": "Peters Drumstick Salted Caramel & White Chocolate 4Pack | 475mL", "price": "$9.50", "unit_price": "$2.00 per 100mL"},
{"product_name": "Coles Dairy Free Barista Almond Milk | 1L", "price": "$3.50", "unit_price": "$3.50 per 1L"},
{"product_name": "Australia's Own Unsweetened Organic Almond Milk | 1L", "price": "$3.10", "unit_price": "$3.10 per 1L"},
{"product_name": "Weis Raspberry Coconut Bars | 280mL", "price": "$6.50", "unit_price": "$2.32 per 100mL"},
{"product_name": "Gelatissimo Gelato Cheesecake Swirl Tub | 473mL", "price": "$6.25", "unit_price": "$1.32 per 100mL"},
{"product_name": "McCain Red Box Plated Lamb Cutlet Gravy  | 320g", "price": "$6.00", "unit_price": "$1.88 per 100g"},
{"product_name": "McCain Red Box Plated Chicken Parmigiana  | 320g", "price": "$6.00", "unit_price": "$1.88 per 100g"},
{"product_name": "Plate Up Frozen Cauliflower Bake | 800g", "price": "$6.00", "unit_price": "$7.50 per 1kg"},
{"product_name": "Temptation Bakeries Pumpkin & Fetta Quiches 18 Pack | 300g", "price": "$6.00", "unit_price": "$2.00 per 100g"},
{"product_name": "Coles Ice Cream 5pk Mini Vienna Mint Sticks | 285mL", "price": "$6.00", "unit_price": "$2.11 per 100mL"},
{"product_name": "Creative Gourmet Frozen Avocado Slices | 250g", "price": "$5.65", "unit_price": "$2.26 per 100g"},
{"product_name": "On The Menu Frozen Roast Chicken | 320g", "price": "$5.60", "unit_price": "$1.75 per 100g"},
{"product_name": "Proud & Punch Cookies & Cream 6 Pack | 450mL", "price": "$5.50", "unit_price": "$1.22 per 100mL"},
{"product_name": "Proud & Punch Proud & Punch Caramel Date Night 6 Pack | 420mL", "price": "$5.50", "unit_price": "$1.31 per 100mL"},
{"product_name": "Birds Eye Veggie Rice Cauliflower Fried Rice | 500g", "price": "$5.20", "unit_price": "$10.40 per 1kg"},
{"product_name": "Jalna Lactose Free Whole Milk Natural Yoghurt | 1kg", "price": "$8.80", "unit_price": "$0.88 per 100g"},
{"product_name": "Magnum Sunlover Ice Cream 4 Pack | 340mL", "price": "$11.50", "unit_price": "$3.38 per 100mL"},
{"product_name": "Ben & Jerry's Ice Cream Banofee Pie Sundae 8 Pack | 427mL", "price": "$10.00", "unit_price": "$2.34 per 100mL"},
{"product_name": "Denada Sugar Free Ice Cream Lil Nadas Chocolate & Vanilla 4 Pack | 400mL", "price": "$10.00", "unit_price": "$2.50 per 100mL"},
{"product_name": "Cadbury Caramilk Mousse Cake | 450g", "price": "$10.00", "unit_price": "$2.22 per 100g"},
{"product_name": "Sara Lee Cookie Pies Dble Choc & Slt Cara 4pk | 380g", "price": "$9.50", "unit_price": "$2.50 per 100g"},
{"product_name": "Twisted Healthy Treats Tiny Tubs Choc Mint/Caramel White Choc 4 Pack | 480mL", "price": "$8.50", "unit_price": "$1.77 per 100mL"},
{"product_name": "Coles I'M Free From Plain Pizza Base 2 Pack | 380g", "price": "$8.00", "unit_price": "$2.11 per 100g"},
{"product_name": "Magnum Ice Cream Sweet & Salty Almond | 440mL", "price": "$8.00", "unit_price": "$1.82 per 100mL"},
{"product_name": "Hanabi Frozen Udon Noodles | 1.2kg", "price": "$8.00", "unit_price": "$0.67 per 100g"},
{"product_name": "Berri Quelch Tropical Fruit Juice Icy Tubes 24 pack | 1.68L", "price": "$7.80", "unit_price": "$0.46 per 100mL"},
{"product_name": "Dari's Beef & Barley Soup | 550g", "price": "$6.85", "unit_price": "$1.25 per 100g"},
{"product_name": "South Cape Camembert | 200g", "price": "$6.80", "unit_price": "$34.00 per 1kg"},
{"product_name": "Coles Kitchen Pizza Pumpkin & Fetta | 470g", "price": "$6.50", "unit_price": "$1.38 per 100g"},
{"product_name": "Devondale Skim Long Life Milk 6 pack | 1.2L", "price": "$6.00", "unit_price": "$5.00 per 1L"},
{"product_name": "Coles Dairy Tasty Lite Cheese Block | 250g", "price": "$6.00", "unit_price": "$24.00 per 1kg"},
{"product_name": "Soyco Tofu Thai  | 200g", "price": "$5.10", "unit_price": "$2.55 per 100g"},
{"product_name": "Red Rock Deli Dip Roasted Tomato Feta Basil & Cashew | 135g", "price": "$5.00", "unit_price": "$3.70 per 100g"},
{"product_name": "Red Rock Deli Dip Roasted Capsicum Pecorino Cashew & Basil | 135g", "price": "$5.00", "unit_price": "$3.70 per 100g"},
{"product_name": "Coles Ham & Cheese Tortellini | 600g", "price": "$5.00", "unit_price": "$0.83 per 100g"},
{"product_name": "Farmers Union Greek Style Lactose Free Yoghurt | 500g", "price": "$5.00", "unit_price": "$1.00 per 100g"},
{"product_name": "Perfect Italiano Original Ricotta Soft Cheese Tub | 250g", "price": "$5.00", "unit_price": "$20.00 per 1kg"},
{"product_name": "Minor Figures Barista Oat Milk | 1L", "price": "$4.80", "unit_price": "$4.80 per 1L"},
{"product_name": "Black Swan Crafted Guacamole Dip | 170g", "price": "$4.60", "unit_price": "$2.71 per 100g"},
{"product_name": "Yumi's Choice Smoked Salmon Lemon & Dill | 140g", "price": "$4.50", "unit_price": "$3.21 per 100g"},
{"product_name": "Australias Own Barista Macadamia Milk | 1L", "price": "$4.50", "unit_price": "$4.50 per 1L"},
{"product_name": "Yumi's Mini Roasted Capsicum & Cashew Dip 3 Pack | 195g", "price": "$4.50", "unit_price": "$2.31 per 100g"},
{"product_name": "Coles Kitchen Beef Madras And Rice | 350g", "price": null, "unit_price": null},
{"product_name": "Coles Kitchen Chicken & Bacon Pasta Bake | 350g", "price": "$8.00", "unit_price": "$2.29 per 100g"},
{"product_name": "Dari's Chicken & Corn Soup | 1.2kg", "price": "$7.95", "unit_price": "$0.66 per 100g"},
{"product_name": "Primo Thin Frankfurts | 1 kg", "price": "$7.90", "unit_price": "$7.90 per 1kg"},
{"product_name": "Coles Kitchen Spinach & Ricotta Agnolotti With Mediterranean Sauce | 350g", "price": null, "unit_price": null},
{"product_name": "Coles Kitchen Chicken Singapore Noodle | 350g", "price": null, "unit_price": null},
{"product_name": "Mainland Cheese Slices Gouda | 180g", "price": "$7.00", "unit_price": "$38.89 per 1kg"},
{"product_name": "Castello Herbs & Garlic In Oil Marinated Fetta | 265g", "price": "$7.00", "unit_price": "$26.42 per 1kg"},
{"product_name": "Coles Pepperoni | 200g", "price": "$6.90", "unit_price": "$34.50 per 1kg"},
{"product_name": "Herbert Adams Roasted Capsicum Spanish Onion Cheddar Quiche | 200g", "price": "$6.50", "unit_price": "$3.25 per 100g"},
{"product_name": "Babybel Mini Cheese Original Protein 5 Pack | 100g", "price": "$6.25", "unit_price": "$62.50 per 1kg"},
{"product_name": "South Cape Danish Style Reduced Fat Fetta | 200g", "price": "$5.85", "unit_price": "$29.25 per 1kg"},
{"product_name": "Yumi's Sweet Corn Fritters 6 Pack | 260g", "price": "$5.20", "unit_price": "$2.00 per 100g"},
{"product_name": "The Laughing Cow Cheese Lactose Free | 120g", "price": "$5.00", "unit_price": "$41.67 per 1kg"},
{"product_name": "The Organic Milk Company Salted Butter | 250g", "price": "$5.00", "unit_price": "$2.00 per 100g"},
{"product_name": "Coles Meals Thai Chicken Curry With Rice | 350g", "price": "$5.00", "unit_price": "$1.43 per 100g"},
{"product_name": "Norco Natural Dairy Cheese Slices 12 Pack | 250g", "price": "$7.90", "unit_price": "$31.60 per 1kg"},
{"product_name": "Mainland Epicure Cheese Block | 200g", "price": "$7.50", "unit_price": "$37.50 per 1kg"},
{"product_name": "Mainland Cheese Slices Swiss | 180g", "price": "$7.00", "unit_price": "$38.89 per 1kg"},
{"product_name": "Chris' Heritage Gluten Free Goat Cheese & Black Truffle Savoury Dip | 170g", "price": "$6.50", "unit_price": "$3.82 per 100g"},
{"product_name": "Primo Australian Made Middle Bacon | 200g", "price": "$6.00", "unit_price": "$30.00 per 1kg"},
{"product_name": "Rana Panfry Filled Gnocchi Spinach Mozzarella | 280g", "price": "$6.00", "unit_price": "$2.14 per 100g"},
{"product_name": "Latina Fresh Egg Fettuccine | 375g", "price": "$6.00", "unit_price": "$1.60 per 100g"},
{"product_name": "Coles Finest Filled Gnocchi Genovese Pesto | 350g", "price": "$6.00", "unit_price": "$1.71 per 100g"},
{"product_name": "Dairy Farmers Thick & Creamy Yoghurt Mango & Finger Lime | 550g", "price": "$5.50", "unit_price": "$1.00 per 100g"},
{"product_name": "Zanetti Grana Padano Grated PDO | 100g", "price": "$5.50", "unit_price": "$55.00 per 1kg"},
{"product_name": "Flora Spread With Butter | 450g", "price": "$5.40", "unit_price": "$1.20 per 100g"},
{"product_name": "Beijing Satay Tofu Pieces | 200g", "price": "$5.20", "unit_price": "$2.60 per 100g"},
{"product_name": "Red Rock Deli Dip Balsamic Beetroot Feta & Cashew | 135g", "price": "$5.00", "unit_price": "$3.70 per 100g"},
{"product_name": "Coles Chicken & Mayo Herb Mix | 220g", "price": "$5.00", "unit_price": "$22.73 per 1kg"},
{"product_name": "Bega Cream Cheese Block | 225g", "price": "$5.00", "unit_price": "$22.22 per 1kg"},
{"product_name": "Tipco Mangosteen Juice | 1L", "price": "$5.00", "unit_price": "$5.00 per 1L"},
{"product_name": "Jindi Dairy Cheese Camembert | 200g", "price": "$8.50", "unit_price": "$42.50 per 1kg"},
{"product_name": "Coles Kitchen Chicken Parmigiana | 350g", "price": "$8.50", "unit_price": "$2.43 per 100g"},
{"product_name": "National Beef Rolls 360g | 6 pack", "price": "$8.00", "unit_price": "$2.22 per 100g"},
{"product_name": "Rana Filled Tortellini Basil And Pine Nuts | 325g", "price": "$8.00", "unit_price": "$2.46 per 100g"},
{"product_name": "Coles Nature'S Kitchen Vegetable Tikka Masala And Pilau Rice | 350g", "price": null, "unit_price": null},
{"product_name": "Liddells Yoghurt Mango | 700g", "price": "$7.25", "unit_price": "$1.04 per 100g"},
{"product_name": "Bega Cheese Stringers Lactose Free 8 Pack | 160g", "price": "$7.00", "unit_price": "$43.75 per 1kg"},
{"product_name": "Aunty Kath's Cookie Dough M&M | 450g", "price": "$6.90", "unit_price": "$1.53 per 100g"},
{"product_name": "Coles Kitchen Cauliflower Cheese | 350g", "price": null, "unit_price": null},
{"product_name": "Coles Kitchen Zucchini & Pea Fritters | 180g", "price": "$6.50", "unit_price": "$3.61 per 100g"},
{"product_name": "Chris' Heritage Vintage Cheddar & Caramelised Onion Savoury Dip | 170g", "price": "$6.50", "unit_price": "$3.82 per 100g"},
{"product_name": "Rana Panfry Filled Gnocchi Cheese | 280g", "price": "$6.00", "unit_price": "$2.14 per 100g"},
{"product_name": "Nutty Bruce Organic Almond & Coconut Milk | 1L", "price": "$6.00", "unit_price": "$6.00 per 1L"},
{"product_name": "Nakula Natural Coconut Milk Yoghurt | 500g", "price": "$6.00", "unit_price": "$1.20 per 100g"},
{"product_name": "South Cape Danish Style Fetta | 200g", "price": "$5.85", "unit_price": "$29.25 per 1kg"},
{"product_name": "Obela Hommus Pistachio Lemon Dukkah | 220g", "price": "$5.50", "unit_price": "$2.50 per 100g"},
{"product_name": "Perfect Italiano Romano Block | 200g", "price": "$7.50", "unit_price": "$37.50 per 1kg"},
{"product_name": "Mornington Peninsula Free Range Eggs 12 Pack | 600g", "price": "$7.00", "unit_price": "$1.17 per 100g"},
{"product_name": "Mainland Munchables Tasty Cheese & Crackers 4 pack | 120g", "price": "$7.00", "unit_price": "$5.83 per 100g"},
{"product_name": "Pauls Farmhouse Gold Vanilla Custard | 800g", "price": "$6.90", "unit_price": "$0.86 per 100g"},
{"product_name": "Coles Finest Spanish Truffle Cheese | 140g", "price": "$6.65", "unit_price": "$47.50 per 1kg"},
{"product_name": "Devondale Moo Vanilla 6X200Ml | 6 pack", "price": "$6.60", "unit_price": "$5.50 per 1L"},
{"product_name": "Castello Creamy Havarti | 200g", "price": "$6.50", "unit_price": "$32.50 per 1kg"},
{"product_name": "Thomson's Deli Danish Salami | 200g", "price": "$6.00", "unit_price": "$30.00 per 1kg"},
{"product_name": "Nakula Coconut Yoghurt Vanilla | 500g", "price": "$6.00", "unit_price": "$1.20 per 100g"},
{"product_name": "Coles Dutch Maasdam | 260g", "price": "$6.00", "unit_price": "$23.08 per 1kg"},
{"product_name": "Thomson's Deli Pepperoni Salami | 200g", "price": "$6.00", "unit_price": "$30.00 per 1kg"},
{"product_name": "South Cape Reduced Fat Greek Style Fetta | 200g", "price": "$5.85", "unit_price": "$29.25 per 1kg"},
{"product_name": "Coles Greek Style Yoghurt | 750g", "price": "$5.50", "unit_price": "$0.73 per 100g"},
{"product_name": "Black Swan Dip Chunky Basil Pesto & Cashew | 150g", "price": "$5.00", "unit_price": "$3.33 per 100g"},
{"product_name": "Brancourts Protein Plus Cottage Cheese | 225g", "price": "$4.80", "unit_price": "$21.33 per 1kg"},
{"product_name": "Red Rock Deli Classics Caramelised French Onion | 190g", "price": "$4.80", "unit_price": "$2.53 per 100g"},
{"product_name": "Normandie Dairy Champagne Pate | 150g", "price": "$5.10", "unit_price": "$34.00 per 1kg"},
{"product_name": "The Organic Milk Co. Organic Shredded Cheddar | 250g", "price": "$5.00", "unit_price": "$20.00 per 1kg"},
{"product_name": "Provedore Pancetta Crumb | 100g", "price": "$5.00", "unit_price": "$50.00 per 1kg"},
{"product_name": "Coles Nature's Kitchen Tempeh | 300g", "price": "$5.00", "unit_price": "$1.67 per 100g"},
{"product_name": "Coles Raspberry Cheesecake 2 Pack | 180g", "price": "$4.90", "unit_price": "$2.72 per 100g"},
{"product_name": "Red Rock Deli Classics Mexican Style Salsa Guacamole | 190g", "price": "$4.80", "unit_price": "$2.53 per 100g"},
{"product_name": "Mersey Valley Little Entertainer Pickled Onion | 80g", "price": "$4.80", "unit_price": "$60.00 per 1kg"},
{"product_name": "Black Swan Warming Cheesy Garlic & Herb Dip | 180g", "price": "$4.60", "unit_price": "$2.56 per 100g"},
{"product_name": "Philadelphia Light Cream Cheese Block | 250g", "price": "$4.50", "unit_price": "$18.00 per 1kg"},
{"product_name": "So Good Extra Creamy Almond Milk | 1L", "price": "$4.50", "unit_price": "$4.50 per 1L"},
{"product_name": "Dari's Table Harissa Hummus Dip | 200g", "price": "$4.50", "unit_price": "$2.25 per 100g"},
{"product_name": "Mainland Lunch On The Go Fig Jam | 110g", "price": "$4.40", "unit_price": "$4.00 per 100g"},
{"product_name": "Mainland On The Go Cheese & Balsamic Beetroot Lunch Pack | 110g", "price": "$4.40", "unit_price": "$4.00 per 100g"},
{"product_name": "Coles Multipack Yoghurt | 900g", "price": "$4.30", "unit_price": "$0.48 per 100g"},
{"product_name": "Primo Cabanossi Jatz & Tasty Cheese | 50g", "price": "$4.25", "unit_price": "$8.50 per 100g"},
{"product_name": "Coles Pappardelle | 300g", "price": "$4.20", "unit_price": "$1.40 per 100g"},
{"product_name": "Coles Kitchen Plain Naan 2 | 350g", "price": "$3.90", "unit_price": "$1.11 per 100g"},
{"product_name": "Jindi Brie | 125g", "price": "$3.85", "unit_price": "$30.80 per 1kg"},
{"product_name": "Coles Finest Pate | 150g", "price": "$3.80", "unit_price": "$25.34 per 1kg"},
{"product_name": "Supreme Quality Foods Fresh Spring Onion Pancake 2Pack | 200g", "price": "$3.50", "unit_price": "$1.75 per 100g"},
{"product_name": "Yumi's Dip Mini French Onion Hommus 3 Pack | 195g", "price": "$3.50", "unit_price": "$1.79 per 100g"},
{"product_name": "The Cheesecake Shop Chocolate Mousse | 100g", "price": "$3.50", "unit_price": "$3.50 per 100g"},
{"product_name": "Arnott's Clix Crackers & Tasty Cheese | 31g", "price": "$3.20", "unit_price": "$10.32 per 100g"},
{"product_name": "Mainland Creamy Cheese Sharp Cheddar | 40g", "price": "$3.00", "unit_price": "$7.50 per 100g"},
{"product_name": "Coles Kitchen Singapore Egg Noodles | 300g", "price": "$3.00", "unit_price": "$1.00 per 100g"},
{"product_name": "Chobani Oat Yogurt Mango | 150g", "price": "$3.00", "unit_price": "$2.00 per 100g"},
{"product_name": "Yog'N Oats Apple & Cinnamon Yoghurt | 150g", "price": "$2.85", "unit_price": "$1.90 per 100g"},
{"product_name": "Notco Notmilk Original Plant Based Milk | 1L", "price": "$2.40", "unit_price": "$2.40 per 1L"},
{"product_name": "Aeroplane Ready To Eat Raspberry Jelly | 120g", "price": "$1.50", "unit_price": "$1.25 per 100g"},
{"product_name": "Hans Striker Mild Salami Sticks | 15g", "price": "$1.15", "unit_price": "$7.67 per 100g"},
{"product_name": "Farmers Union No Added Sugar Kids Yogurt Pouch Tropical | 130g", "price": "$1.10", "unit_price": "$0.85 per 100g"},
{"product_name": "Udder Delights Truffle Brie | approx 100g", "price": "$5.00", "unit_price": "$50.00 per 1kg"},
{"product_name": "Coles Finest Angus Beef Ravioli With Tomato Sugo | 400g", "price": null, "unit_price": null},
{"product_name": "25 Degrees South Victorian Three Cheese Ravioli | 325g", "price": "$9.00", "unit_price": "$2.77 per 100g"},
{"product_name": "Real Tasty Cheese Mild Salami & Crackers 3 Pack | 150g", "price": "$8.95", "unit_price": "$5.97 per 100g"},
{"product_name": "Udder Delights Double Cream Brie | 200g", "price": "$8.90", "unit_price": "$44.50 per 1kg"},
{"product_name": "Dineamic Braised Beef Mushroom & Veg | 360g", "price": "$8.75", "unit_price": "$2.43 per 100g"},
{"product_name": "Latina Fresh Gluten Free Ricotta & Spinach Agnolotti | 280g", "price": "$8.75", "unit_price": "$3.13 per 100g"},
{"product_name": "Bega Plant Based Cheese Shred | 200g", "price": "$8.50", "unit_price": "$4.25 per 100g"},
{"product_name": "Liddells Lactose Free Shredded Pizza Blend | 225g", "price": "$8.50", "unit_price": "$37.78 per 1kg"},
{"product_name": "National Pies Butter Chicken 2 pack | 360g", "price": "$8.00", "unit_price": "$2.22 per 100g"},
{"product_name": "Coles Kitchen Pepperoni Pasta Bake | 350g", "price": "$8.00", "unit_price": "$2.29 per 100g"},
{"product_name": "Rana Porcini Mushroom Ravioli | 325g", "price": "$8.00", "unit_price": "$2.46 per 100g"},
{"product_name": "Cremeux Truffle Brie | 180g", "price": "$7.50", "unit_price": "$41.67 per 1kg"},
{"product_name": "Castello Mellow Black | 150g", "price": "$7.50", "unit_price": "$50.00 per 1kg"},
{"product_name": "Coles Spreadable Dairy Blend | 750g", "price": "$7.30", "unit_price": "$0.97 per 100g"},
{"product_name": "Wildly Good Sweet Corn Spring Onion Fritter Bites | 210g", "price": "$7.00", "unit_price": "$3.33 per 100g"},
{"product_name": "Mainland Munchables Cheese & Rice Crackers 4 Pack | 96g", "price": "$7.00", "unit_price": "$7.29 per 100g"},
{"product_name": "Ipastai Linguine | 350g", "price": "$5.50", "unit_price": "$1.57 per 100g"},
{"product_name": "Sheese Tasty Grated | 200g", "price": "$5.50", "unit_price": "$27.50 per 1kg"},
{"product_name": "Rana Lasagne Sheets | 250g", "price": "$5.50", "unit_price": "$2.20 per 100g"},
{"product_name": "Coles Coconut Yoghurt Vanilla | 500g", "price": "$5.40", "unit_price": "$1.08 per 100g"},
{"product_name": "Senza Gluten Free Pizza Base | 220g", "price": "$5.30", "unit_price": "$2.41 per 100g"},
{"product_name": "Beijing Chilli Tofu Pieces | 200g", "price": "$5.20", "unit_price": "$2.60 per 100g"},
{"product_name": "Don Lunchbox Sticks | 140g", "price": "$5.00", "unit_price": "$35.71 per 1kg"},
{"product_name": "Coles Perform Build Bolognese Sauce | 300g", "price": "$5.00", "unit_price": "$1.67 per 100g"},
{"product_name": "Coles Perform Build Chicken Minestrone Soup | 450g", "price": "$5.00", "unit_price": "$1.11 per 100g"},
{"product_name": "Tipco Guava Juice | 1L", "price": "$5.00", "unit_price": "$5.00 per 1L"},
{"product_name": "Coles British Blue Stilton | 150g", "price": "$5.00", "unit_price": "$33.34 per 1kg"},
{"product_name": "Garlos Sausage Roll | 200g", "price": "$4.80", "unit_price": "$2.40 per 100g"},
{"product_name": "Garlos Curry Beef Pie | 200g", "price": "$4.80", "unit_price": "$2.40 per 100g"},
{"product_name": "Red Rock Deli Classics Sweet Chilli & Sour Cream | 190g", "price": "$4.80", "unit_price": "$2.53 per 100g"},
{"product_name": "Dairy Farmers Thick Vanilla Custard Carton | 1kg", "price": "$4.65", "unit_price": "$0.47 per 100g"},
{"product_name": "Hans Striker Mild Salami Sticks | 105g", "price": "$4.60", "unit_price": "$43.81 per 1kg"},
{"product_name": "Castello Danish Blue Extra Creamy | 100g", "price": "$5.80", "unit_price": "$58.00 per 1kg"},
{"product_name": "Bio Cheese Creamy Original Spreadable | 150g", "price": "$5.60", "unit_price": "$37.34 per 1kg"},
{"product_name": "Meredith Dairy Goats Cheese Chevre Dill | 80g", "price": "$5.50", "unit_price": "$68.75 per 1kg"},
{"product_name": "Provedore Chorizo Crumb | 100g", "price": "$5.00", "unit_price": "$50.00 per 1kg"},
{"product_name": "Mersey Valley Salt & Vinegar Cheddar | 80g", "price": "$4.80", "unit_price": "$60.00 per 1kg"},
{"product_name": "Brancourts Lactose Free Cottage Cheese | 225g", "price": "$4.80", "unit_price": "$21.33 per 1kg"},
{"product_name": "Black Swan Taste Of The World Mexico | 170g", "price": "$4.60", "unit_price": "$2.71 per 100g"},
{"product_name": "Island Berries Tasmania Panna Cotta With Raspberry Coulis | 145g", "price": "$4.50", "unit_price": "$3.10 per 100g"},
{"product_name": "Dari's Table Pine Nut Hummus Dip | 200g", "price": "$4.50", "unit_price": "$2.25 per 100g"},
{"product_name": "Unicorn Classic Double Brie | 125g", "price": "$4.00", "unit_price": "$32.00 per 1kg"},
{"product_name": "Pitango Soup Smoky Tomato Lentil | 350g", "price": "$3.75", "unit_price": "$1.07 per 100g"},
{"product_name": "Pitango Soup Potato & Leek | 350g", "price": "$3.75", "unit_price": "$1.07 per 100g"},
{"product_name": "Coles Barista Oat Milk | 1L", "price": "$3.50", "unit_price": "$3.50 per 1L"},
{"product_name": "Arnotts Shapes Original Cheese & Bacon With Tasty Cheese | 30g", "price": "$3.20", "unit_price": "$10.67 per 100g"},
{"product_name": "Mainland On The Go Cheese Lavosh & Caramelised Onion | 36g", "price": "$3.00", "unit_price": "$83.36 per 1kg"},
{"product_name": "Coles Kitchen Ultra Green Soup | 300g", "price": "$3.00", "unit_price": "$1.00 per 100g"},
{"product_name": "Primo Mild Pepperoni Twiggy Pizza Shapes & Tasty Cheese | 54g", "price": "$4.25", "unit_price": "$7.87 per 100g"},
{"product_name": "Coles Nature's Kitchen Cauliflower Pizza Base | 170g", "price": "$4.20", "unit_price": "$2.47 per 100g"},
{"product_name": "Moondarra Cheese Herb & Capsicum | 120g", "price": "$3.90", "unit_price": "$32.50 per 1kg"},
{"product_name": "Coles Sweet Chilli Cheese | 190g", "price": "$3.80", "unit_price": "$20.00 per 1kg"},
{"product_name": "Coles Cheese Spring Onion & Chive | 190g", "price": "$3.80", "unit_price": "$20.00 per 1kg"},
{"product_name": "Coles Nature's Kitchen Spiced Lentil & Kale Kofta | 240g", "price": "$3.75", "unit_price": "$1.56 per 100g"},
{"product_name": "Yumi's Mayo Dill Aioli | 200g", "price": "$3.70", "unit_price": "$1.85 per 100g"},
{"product_name": "Danone Yopro Perform Yoghurt Key Lime | 175g", "price": "$3.70", "unit_price": "$2.11 per 100g"},
{"product_name": "Real Mexican Feast Tasty Cheese Corn Chips Guacamole | 85g", "price": "$3.60", "unit_price": "$42.35 per 1kg"},
{"product_name": "Coles Nature's Kitchen Ginger & Chilli Tofu | 200g", "price": "$3.50", "unit_price": "$1.75 per 100g"},
{"product_name": "Wicked Sister High Protein Mango Pudding | 170g", "price": "$3.00", "unit_price": "$1.76 per 100g"},
{"product_name": "Coles Kitchen Ramen Noodles | 300g", "price": "$3.00", "unit_price": "$1.00 per 100g"},
{"product_name": "Australia's Own A2 Protein Full Cream Milk | 1L", "price": "$2.50", "unit_price": "$2.50 per 1L"},
{"product_name": "Fromager D' Affinois Excellence | approx200g", "price": "$18.40", "unit_price": "$92.00 per 1kg"},
{"product_name": "King Island Dairy Triple Cream Seal | approx 200g", "price": "$15.20", "unit_price": "$76.00 per 1kg"},
{"product_name": "Castello. White Cheese | approx140g", "price": "$7.70", "unit_price": "$55.00 per 1kg"},
{"product_name": "Aeroplane Ready To Eat Pineapple Jelly | 120g", "price": "$1.50", "unit_price": "$1.25 per 100g"},
{"product_name": "Aeroplane Ready To Eat Blackcurrant Jelly | 120g", "price": "$1.50", "unit_price": "$1.25 per 100g"},
{"product_name": "King Island Dairy Furneaux | approx 100g", "price": "$8.00", "unit_price": "$80.00 per 1kg"},
{"product_name": "Premier Selection Appleblossom Smoked Cheddar | approx 100g", "price": "$5.50", "unit_price": "$55.00 per 1kg"},
{"product_name": "Luv A Duck Peking Duck Pancake Kit | 560g", "price": "$15.00", "unit_price": "$2.68 per 100g"},
{"product_name": "Coles Finest Macaroni And Cheese | 700g", "price": null, "unit_price": null},
{"product_name": "Coles Kitchen Vegetable Lasagne | 1.2kg", "price": null, "unit_price": null},
{"product_name": "Coles Spinach And Ricotta Cannelloni | 1.2kg", "price": null, "unit_price": null},
{"product_name": "Keep It Cleaner Fermented Vegetable Vegan Kimchi | 400g", "price": "$12.00", "unit_price": "$3.00 per 100g"},
{"product_name": "Garlos Family Lean Beef Pie | 550g", "price": "$11.60", "unit_price": "$2.11 per 100g"},
{"product_name": "Wildly Good Burgers Original Veggie Value Pack | 480g", "price": "$10.00", "unit_price": "$2.08 per 100g"},
{"product_name": "Ready Chef Cheesy Mash | 800g", "price": "$10.00", "unit_price": "$1.25 per 100g"},
{"product_name": "Ready Chef Mac & Cheese | 800g", "price": "$10.00", "unit_price": "$1.25 per 100g"},
{"product_name": "Coles Eat Well Spinach Ricotta Agnolotti | 380g", "price": "$9.95", "unit_price": "$2.62 per 100g"},
{"product_name": "Coles Perform Build Naked Chicken Katsu | 410g", "price": "$9.95", "unit_price": "$2.43 per 100g"},
{"product_name": "Coles Finest Butter Chicken With Pilau Rice | 350g", "price": "$9.00", "unit_price": "$2.57 per 100g"},
{"product_name": "Herbert Adams Frittata Roasted Pumpkin Spinach & Feta | 700g", "price": "$17.90", "unit_price": "$2.56 per 100g"},
{"product_name": "Coles Kitchen Chicken & Mushroom Pie | 700g", "price": "$14.50", "unit_price": "$2.07 per 100g"},
{"product_name": "400 Gradi Fior Di Latte & Garlic Pizza | 400g", "price": "$12.00", "unit_price": "$3.00 per 100g"},
{"product_name": "Norco Natural Cheese Block | 500g", "price": "$12.00", "unit_price": "$24.00 per 1kg"},
{"product_name": "Yarra Valley Cheese Persian Fetta Dill & Chive | 350g", "price": "$11.40", "unit_price": "$32.57 per 1kg"},
{"product_name": "Jarlsberg Cheese Wedge | 230g", "price": "$10.50", "unit_price": "$45.65 per 1kg"},
{"product_name": "Ready Chef Savoury Rice | 800g", "price": "$10.00", "unit_price": "$1.25 per 100g"},
{"product_name": "Dari's Asian Chicken Soup | 600g", "price": "$9.95", "unit_price": "$1.66 per 100g"},
{"product_name": "Vegie Delights Plant Based Vegie Roast | 480g", "price": "$9.50", "unit_price": "$1.98 per 100g"},
{"product_name": "Coles Finest Creamy Butter Chicken | 400g", "price": null, "unit_price": null},
{"product_name": "Veef Plant Based Chicken Schnitzel | 240g", "price": "$8.50", "unit_price": "$3.54 per 100g"},
{"product_name": "Bio Cheese Grated Parmesano | 125g", "price": "$8.50", "unit_price": "$68.00 per 1kg"},
{"product_name": "Castello Double Cream Truffle Cheese | 150g", "price": "$8.50", "unit_price": "$56.67 per 1kg"},
{"product_name": "Get Plant'd Meat Free Roast Chicken | 300g", "price": "$8.00", "unit_price": "$2.67 per 100g"},
{"product_name": "Ipastai Basil Pesto Sauce | 180g", "price": "$7.50", "unit_price": "$4.17 per 100g"},
{"product_name": "Get Plant'd Meat-free Steak Slices | 100g", "price": "$7.50", "unit_price": "$7.50 per 100g"},
{"product_name": "Real Tasty Cheese Hungarian Salami & Rice Crackers 3 Pack | 150g", "price": "$8.95", "unit_price": "$59.67 per 1kg"},
{"product_name": "Udder Delights Camembert | 200g", "price": "$8.90", "unit_price": "$44.50 per 1kg"},
{"product_name": "Dineamic Malaysian Chicken Rice | 360g", "price": "$8.75", "unit_price": "$2.43 per 100g"},
{"product_name": "Veef Planted Based Crumbed Chicken Tenders | 210g", "price": "$8.50", "unit_price": "$4.05 per 100g"},
{"product_name": "Lurpak Slightly Salted Butter Pat | 400g", "price": "$8.00", "unit_price": "$2.00 per 100g"},
{"product_name": "Ashgrove Signature Smoked Red Leicester | 150g", "price": "$7.60", "unit_price": "$50.67 per 1kg"},
{"product_name": "Ashgrove Signature Red Leicester | 150g", "price": "$7.60", "unit_price": "$50.67 per 1kg"},
{"product_name": "Ipastai Carbonara Sauce | 300g", "price": "$7.50", "unit_price": "$2.50 per 100g"},
{"product_name": "Kido Daifuku Mochi Matcha Green Tea | 200g", "price": "$7.30", "unit_price": "$3.65 per 100g"},
{"product_name": "Kido Daifuku Mochi Melon | 200g", "price": "$7.30", "unit_price": "$3.65 per 100g"},
{"product_name": "Kido Daifuku Mochi Custard & Mango | 200g", "price": "$7.30", "unit_price": "$3.65 per 100g"},
{"product_name": "Lucky Chicken Free Range Eggs 12 pack | 600g", "price": "$7.20", "unit_price": "$1.20 per 100g"},
{"product_name": "Coles Kitchen Filled Pasta Agnolotti Spinach Ricotta | 630g", "price": "$7.00", "unit_price": "$1.11 per 100g"},
{"product_name": "Pitango Organic Soup Minestrone | 600g", "price": "$7.00", "unit_price": "$1.17 per 100g"},
{"product_name": "Provedore Prosciutto & Cheese Roll-Ups | 85g", "price": "$7.00", "unit_price": "$82.35 per 1kg"},
{"product_name": "Meadow Lea Original Margarine Spread | 1kg", "price": "$7.00", "unit_price": "$0.70 per 100g"},
{"product_name": "Supafry Solid Cooking Oil | 500g", "price": "$4.50", "unit_price": "$0.90 per 100g"},
{"product_name": "Mainland Garlic & Herb Spreadable Blend | 140g", "price": "$4.00", "unit_price": "$2.86 per 100g"},
{"product_name": "Jindi Camembert | 125g", "price": "$3.85", "unit_price": "$30.80 per 1kg"},
{"product_name": "Pitango Soup Chicken Vegetable | 350g", "price": "$3.75", "unit_price": "$1.07 per 100g"},
{"product_name": "Emma & Toms Oat Bite Cranberry Coconut | 40g", "price": "$3.00", "unit_price": "$7.50 per 100g"},
{"product_name": "Dirossi 400 Gradi Selection Mozzarella | 150g", "price": "$2.95", "unit_price": "$19.67 per 1kg"},
{"product_name": "Fancy Plants Vanilla Chia Pod | 150g", "price": "$2.70", "unit_price": "$1.80 per 100g"},
{"product_name": "Fancy Plants Chocolate Chia Pod | 150g", "price": "$2.70", "unit_price": "$1.80 per 100g"},
{"product_name": "Mingle Seasoning Satay | 30g", "price": "$1.95", "unit_price": "$6.50 per 100g"},
{"product_name": "Somerdale Champagne Cheddar | approx100g", "price": "$5.20", "unit_price": "$52.00 per 1kg"},
{"product_name": "Coles Finest British Oak Smoked Cheddar | approx 200g", "price": "$10.00", "unit_price": "$50.00 per 1kg"},
{"product_name": "Udder Delights Ash Brie | 200g", "price": "$10.50", "unit_price": "$52.50 per 1kg"},
{"product_name": "Kroon Goats Cheese Wedge | 200g", "price": "$10.00", "unit_price": "$50.00 per 1kg"},
{"product_name": "Saunders Malt Extract | 1kg", "price": "$10.00", "unit_price": "$1.00 per 100g"},
{"product_name": "Coles Eat Well Beef Massaman Curry With Rice | 350g", "price": "$9.95", "unit_price": "$2.84 per 100g"},
{"product_name": "Dari's Moroccan Harira Soup | 600g", "price": "$9.95", "unit_price": "$1.66 per 100g"},
{"product_name": "Coles Kitchen Filled Pasta Tortellini Mixed Veg | 630g", "price": "$7.00", "unit_price": "$1.11 per 100g"},
{"product_name": "Wildly Good Burgers Original Veggie | 220g", "price": "$6.50", "unit_price": "$2.95 per 100g"},
{"product_name": "Wildly Good  Burgers Beetroot Black Bean | 220g", "price": "$6.50", "unit_price": "$2.95 per 100g"},
{"product_name": "Wildly Good Burgers Smokey Cauliflower | 220g", "price": "$6.50", "unit_price": "$2.95 per 100g"},
{"product_name": "Ashgrove Natural Wood Cold Smoked Havarti Cheese Block | 140g", "price": "$6.50", "unit_price": "$46.43 per 1kg"},
{"product_name": "Garlos Spinach & Feta Roll | 180g", "price": "$5.60", "unit_price": "$3.11 per 100g"},
{"product_name": "Meggles Free Range Eggs Xlarge 12 Pack | 700g", "price": "$5.50", "unit_price": "$0.79 per 100g"},
{"product_name": "Riverina Dairy Fetta Basil Pesto | 200g", "price": "$5.30", "unit_price": "$26.50 per 1kg"},
{"product_name": "Myrtle Creek Cage Free Extra Large Eggs 12 Pack | 700g", "price": "$4.95", "unit_price": "$0.71 per 100g"},
{"product_name": "Easiyo Greek Style Yoghurt Manuka Honey | 230g", "price": "$4.90", "unit_price": "$2.13 per 100g"},
{"product_name": "Coles Double Chocolate Dessert 2 Pack | 150g", "price": "$4.90", "unit_price": "$3.27 per 100g"},
{"product_name": "Easiyo Yogurt Greek Style Blueberry | 230g", "price": "$4.90", "unit_price": "$2.13 per 100g"},
{"product_name": "Easiyo Natural Unsweetened Yoghurt | 140g", "price": "$4.90", "unit_price": "$3.50 per 100g"},
{"product_name": "Black Swan Crafted Dip Olive Fetta & Chilli | 170g", "price": "$4.60", "unit_price": "$2.71 per 100g"},
{"product_name": "Kenilworth Dairies Rich Chocolate Mousse | 170g", "price": "$3.80", "unit_price": "$2.24 per 100g"},
{"product_name": "Yumi's Mayo Aioli Pesto | 200g", "price": "$3.70", "unit_price": "$1.85 per 100g"},
{"product_name": "Coles Finest Australian Organic Washed Rind | approx 500g ", "price": "$39.00", "unit_price": "$78.00 per 1kg"},
{"product_name": "King Island Dairy Smoked Cheddar Stokes Point | approx 200g", "price": "$11.40", "unit_price": "$57.00 per 1kg"},
{"product_name": "Easiyo Black Yoghurt Maker | 1 each", "price": "$25.00", "unit_price": "$25.00 per 1ea"},
{"product_name": "Le Dauphin Double Creme Cheese | 200g", "price": "$24.00", "unit_price": "$120.00 per 1kg"},
{"product_name": "Bio-Dynamic Triple Cream Camembert | 280g", "price": "$14.50", "unit_price": "$51.79 per 1kg"},
{"product_name": "Emborg French Double Cream Le Fromager | 300g", "price": "$10.00", "unit_price": "$33.33 per 1kg"},
{"product_name": "Puregg Egg White Free Range | 500g", "price": "$9.80", "unit_price": "$1.96 per 100g"},
{"product_name": "Yogoletti Luxury Yogurt Dessert Strawberry Blush 2x150g | 300g", "price": "$7.50", "unit_price": "$2.50 per 100g"},
{"product_name": "Get Plant'd Meat Free Ham Slices | 100g", "price": "$7.50", "unit_price": "$7.50 per 100g"},
{"product_name": "Ipastai Tortellini Chicken Sundried Tomato | 300g", "price": "$7.50", "unit_price": "$2.50 per 100g"},
{"product_name": "Vegie Delights Plant Based Chicken Style Sausages | 300g", "price": "$7.50", "unit_price": "$2.50 per 100g"},
{"product_name": "Yumi's Chilli Lime Aioli | 200g", "price": "$3.70", "unit_price": "$1.85 per 100g"},
{"product_name": "Fancy Plants High Protein Pud Salted Caramel | 160g", "price": "$3.50", "unit_price": "$2.19 per 100g"},
{"product_name": "Fancy Plants High Protein Pud Chocolate | 160g", "price": "$3.50", "unit_price": "$2.19 per 100g"},
{"product_name": "Coles Kitchen Cranberry Vintage Cheese Water Crackers | 55g", "price": "$3.30", "unit_price": "$6.00 per 100g"},
{"product_name": "Hot-Kid Milk Drink | 245mL", "price": "$1.95", "unit_price": "$7.96 per 1L"},
{"product_name": "Coles Finest French Double Cream Brie | approx 100g", "price": "$7.00", "unit_price": "$70.00 per 1kg"},
{"product_name": "Dodoni Elco Feta Cheese | 1kg", "price": "$30.50", "unit_price": "$30.50 per 1kg"},
{"product_name": "Carwari Red Miso | 500g", "price": "$19.25", "unit_price": "$3.85 per 100g"},
{"product_name": "Moondarra Marinated Cheese | 430g", "price": "$12.00", "unit_price": "$27.91 per 1kg"},
{"product_name": "Coles Eat Well Chicken Biryani Veg And Yoghurt Sauce | 350g", "price": "$9.95", "unit_price": "$2.84 per 100g"},
{"product_name": "Emborg French Brie Portions | 240g", "price": "$8.50", "unit_price": "$35.42 per 1kg"},
{"product_name": "Happy Lams Beef Balls | 190g", "price": "$8.50", "unit_price": "$4.47 per 100g"},
{"product_name": "Lurpak Unsalted Butter | 400g", "price": "$8.00", "unit_price": "$2.00 per 100g"},
{"product_name": "Get Plant'd Meat Free Roast Char Siu Pork | 300g", "price": "$8.00", "unit_price": "$2.67 per 100g"},
{"product_name": "Castello Aged Havarti | 200g", "price": "$8.00", "unit_price": "$40.00 per 1kg"},
{"product_name": "Ashgrove Signature Vintage Eddington Cheddar | 150g", "price": "$7.60", "unit_price": "$50.67 per 1kg"},
{"product_name": "Yogoletti Luxury Yogurt Dessert Creamy Vanilla 2x150g | 300g", "price": "$7.50", "unit_price": "$2.50 per 100g"},
{"product_name": "Ipastai Bolognese Sauce | 300g", "price": "$7.50", "unit_price": "$2.50 per 100g"},
{"product_name": "Lemnos Roasted Garlic And Rosemary Haloumi | 180g", "price": "$7.00", "unit_price": "$38.89 per 1kg"},
{"product_name": "Deli-Licious Chicken Style | 100g", "price": "$6.90", "unit_price": "$69.00 per 1kg"},
{"product_name": "Wildly Good Pumpkin And Caramleised Onion | 220g", "price": "$6.50", "unit_price": "$2.95 per 100g"},
{"product_name": "Black Swan Dip Batched Hommus Chilli & Macadamia | 150g", "price": "$6.50", "unit_price": "$4.33 per 100g"},
{"product_name": "Snowdonia Red Storm | 150g", "price": "$6.50", "unit_price": "$43.34 per 1kg"},
{"product_name": "Cadbury Dairy Milk Caramello Chocolate Mousse 2x80g | 160g", "price": "$6.00", "unit_price": "$3.75 per 100g"},
{"product_name": "Castello Spanish Quince Paste | 125g", "price": "$6.00", "unit_price": "$48.00 per 1kg"},
{"product_name": "Nature's Kitchen Cheddar Slices | 200g", "price": "$6.00", "unit_price": "$30.00 per 1kg"},
{"product_name": "Westgold Unsalted Butter | 400g", "price": null, "unit_price": null},
{"product_name": "Yarra Valley Cheese Fresh Goats Cheese | 80g", "price": "$5.50", "unit_price": "$68.75 per 1kg"},
{"product_name": "Yumis Zucchini Veggie Fritter | 260g", "price": "$5.20", "unit_price": "$2.00 per 100g"},
{"product_name": "Get Plant'd Pepperoni Slices | 100g", "price": "$5.20", "unit_price": "$5.20 per 100g"},
{"product_name": "Red Rock Deli Dip Roasted Pumpkin Onion & Cashew | 135g", "price": "$5.00", "unit_price": "$3.70 per 100g"},
{"product_name": "Easiyo Greek Style Unsweetened Yoghurt | 170g", "price": "$4.90", "unit_price": "$2.88 per 100g"},
{"product_name": "Yarra Valley Cheese Camembert | 200g", "price": "$9.40", "unit_price": "$47.00 per 1kg"},
{"product_name": "Dodoni Goat Cheese | 200g", "price": "$8.60", "unit_price": "$43.00 per 1kg"},
{"product_name": "Veef Plant Based Beef Peices | 280g", "price": "$8.50", "unit_price": "$3.04 per 100g"},
{"product_name": "Bega Plant Based Cheese Slice | 200g", "price": "$8.50", "unit_price": "$42.50 per 1kg"},
{"product_name": "Tidbit Gorgonzola Dolce Dop | 200g", "price": "$8.50", "unit_price": "$42.50 per 1kg"},
{"product_name": "Get Plant'd Meat-Free Roast Duck | 300g", "price": "$8.00", "unit_price": "$2.67 per 100g"},
{"product_name": "Vegie Delights Plant Based Chorizo Vegie Sausages | 300g", "price": "$7.50", "unit_price": "$2.50 per 100g"},
{"product_name": "Vegie Delights Bacon Style Rashers | 145g", "price": "$7.50", "unit_price": "$5.17 per 100g"},
{"product_name": "Vegie Delights Plant Based Savoury Mince | 400g", "price": "$7.50", "unit_price": "$1.88 per 100g"},
{"product_name": "Kido Daifuku Mochi Chocolate | 200g", "price": "$7.30", "unit_price": "$3.65 per 100g"},
{"product_name": "Lemnos Haloumi Smoked Paprika | 180g", "price": "$7.00", "unit_price": "$38.89 per 1kg"},
{"product_name": "Pitango Free Range Chicken Sweet Corn & Noodle Soup | 600g", "price": "$7.00", "unit_price": "$1.17 per 100g"},
{"product_name": "Lemnos Dairy Organic Haloumi Cheese | 180g", "price": "$7.00", "unit_price": "$38.89 per 1kg"},
{"product_name": "Dari's Pea & Ham Soup | 550g", "price": "$6.85", "unit_price": "$1.25 per 100g"},
{"product_name": "Black Swan Dip Batched Brie Almond & Fig | 150g", "price": "$6.50", "unit_price": "$4.33 per 100g"},
{"product_name": "Castello Authentic Greek Feta | 150g", "price": "$5.80", "unit_price": "$38.67 per 1kg"},
{"product_name": "Normandie Dairy Cognac Pate | 150g", "price": "$5.10", "unit_price": "$34.00 per 1kg"},
{"product_name": "Coles Nature's Kitchen Curried Veggie Lentil Sausages | 250g", "price": "$5.00", "unit_price": "$2.00 per 100g"},
{"product_name": "Easiyo Strawberry Yoghurt | 230g", "price": "$4.90", "unit_price": "$2.13 per 100g"},
{"product_name": "Garlos Lean Beef Pie | 200g", "price": "$4.80", "unit_price": "$2.40 per 100g"},
{"product_name": "Coles Kitchen High Protein Pizza Base | 260g", "price": "$4.50", "unit_price": "$1.73 per 100g"},
{"product_name": "Aunt Betty's Creamy Rice Vanilla 100g | 4 pack", "price": "$4.50", "unit_price": "$1.13 per 100g"},
{"product_name": "Coles Creamy Cheese Pasta Sauce | 425g", "price": null, "unit_price": null},
{"product_name": "Unicorn Classic Triple Cream Brie | 125g", "price": "$4.00", "unit_price": "$32.00 per 1kg"},
{"product_name": "Fairy Cooking Margarine | 250g", "price": "$2.60", "unit_price": "$1.04 per 100g"},
{"product_name": "Australia's Own Cholesterol Lowering Milk | 1L", "price": "$2.20", "unit_price": "$2.20 per 1L"},
{"product_name": "King Island Dairy Half Moon Bay Double Brie | approx100g", "price": "$6.35", "unit_price": "$63.50 per 1kg"},
{"product_name": "Lemnos Haloumi | 600g", "price": "$16.00", "unit_price": "$26.67 per 1kg"},
{"product_name": "Ashgrove Taste of Tassie Cheese Selection | 250g", "price": "$12.75", "unit_price": "$51.00 per 1kg"},
{"product_name": "Mifroma Le Gruyere Aop | 150g", "price": "$10.00", "unit_price": "$66.67 per 1kg"},
{"product_name": "Dari's Indonesian Crab & Corn Soup | 600g", "price": "$9.95", "unit_price": "$1.66 per 100g"},
{"product_name": "Cadbury Dairy Milk Chocolate Pudding | 560g", "price": "$9.00", "unit_price": "$1.61 per 100g"},
{"product_name": "Aunty Kath's Limited Edition Cookie Dough | 450g", "price": "$6.90", "unit_price": "$1.53 per 100g"},
{"product_name": "Coles Mild Hungarian Salami | 200g", "price": "$6.90", "unit_price": "$34.50 per 1kg"},
{"product_name": "Ashgrove Three Peaks Tassie Trio Cheese | 140g", "price": "$6.50", "unit_price": "$46.43 per 1kg"},
{"product_name": "Lemnos Fetta Smooth Less Than 5g Fat | 200g", "price": "$6.50", "unit_price": "$32.50 per 1kg"},
{"product_name": "Black Swan Dip Batched Fetta Mint & Honey | 150g", "price": "$6.50", "unit_price": "$4.33 per 100g"},
{"product_name": "Black Swan Dip Batched Caramelised Onion Relish | 150g", "price": "$6.50", "unit_price": "$4.33 per 100g"},
{"product_name": "Chris' Heritage Smoked Gouda & Jalapeno | 170g", "price": "$6.50", "unit_price": "$3.82 per 100g"},
{"product_name": "The Riverina Dairy Haloumi Lactose Free | 180g", "price": "$6.30", "unit_price": "$35.00 per 1kg"},
{"product_name": "Riverina Dairy Fetta Smooth | 200g", "price": "$5.30", "unit_price": "$26.50 per 1kg"},
{"product_name": "Emborg French Brie Petit | 125g", "price": "$5.20", "unit_price": "$41.60 per 1kg"},
{"product_name": "Yumi's Thai Spiced Fritters 6 Pack | 260g", "price": "$5.20", "unit_price": "$2.00 per 100g"},
{"product_name": "Black Swan Dip Chunky Eggplant Fetta & Almond | 150g", "price": "$5.00", "unit_price": "$3.33 per 100g"},
{"product_name": "Black Swan Dip Chunky Sweet Potato & Cashews | 150g", "price": "$5.00", "unit_price": "$3.33 per 100g"},
{"product_name": "Coles Chicken & Mayo Caesar Mix | 220g", "price": "$5.00", "unit_price": "$22.73 per 1kg"},
{"product_name": "Provedore Salami Crumb | 100g", "price": "$5.00", "unit_price": "$50.00 per 1kg"},
{"product_name": "Tipco Shogun Juice | 1L", "price": "$5.00", "unit_price": "$5.00 per 1L"},
{"product_name": "Industry Cold Brew Coffee Can | 250mL", "price": "$4.90", "unit_price": "$19.60 per 1L"},
{"product_name": "Easiyo Greek Style Unsweetened Yoghurt | 170g", "price": "$4.90", "unit_price": "$2.88 per 100g"},
{"product_name": "Easiyo Vanilla Flavour Yoghurt | 230g", "price": "$4.90", "unit_price": "$2.13 per 100g"},
{"product_name": "Easiyo Greek Style Coconut Yoghurt | 240g", "price": "$4.90", "unit_price": "$2.04 per 100g"},
{"product_name": "Coles Gorgonzola Dolce | 200g", "price": "$4.55", "unit_price": "$22.75 per 1kg"},
{"product_name": "Vitasoy Soy Yogurt Vanilla | 450g", "price": "$4.50", "unit_price": "$1.00 per 100g"},
{"product_name": "Maggie Beer Quince & Champagne Paste | 100g", "price": "$4.50", "unit_price": "$45.00 per 1kg"},
{"product_name": "Unicorn Classic Camembert | 125g", "price": "$4.00", "unit_price": "$32.00 per 1kg"},
{"product_name": "Real Feast Pack Tasty Cheese Mild Salami & Crackers | 80g", "price": "$3.60", "unit_price": "$4.50 per 100g"},
{"product_name": "Coles Nature's Kitchen Southern Smoked Tofu | 200g", "price": "$3.50", "unit_price": "$1.75 per 100g"},
{"product_name": "Coles Kitchen Salsa Cheese Corn Chip | 55g", "price": "$3.30", "unit_price": "$6.00 per 100g"},
{"product_name": "Coles Cheese Bites Chorizo & Mini Preztels | 50g", "price": "$3.30", "unit_price": "$6.60 per 100g"},
{"product_name": "Coles Kitchen Cheese Olives & Crackers | 60g", "price": "$3.30", "unit_price": "$5.50 per 100g"},
{"product_name": "Emma & Toms Double Choc Oat Bite | 38g", "price": "$3.00", "unit_price": "$7.89 per 100g"},
{"product_name": "Dirossi 400 Gradi Selection Pizza Cheese | 150g", "price": "$2.95", "unit_price": "$19.67 per 1kg"},
{"product_name": "Coles Finest Australian Organic Double Cream Brie | approx 150g", "price": "$10.50", "unit_price": "$70.00 per 1kg"},
{"product_name": "Latina Vegetable Harvest Pasta Sauce | 425g", "price": "$7.50", "unit_price": "$1.76 per 100g"},
{"product_name": "Mersey Valley Salt & Vinegar Cheddar | 235g", "price": "$7.00", "unit_price": "$29.79 per 1kg"},
{"product_name": "Coles Kitchen Filled Pasta Tortellini Veal Bacon | 630g", "price": "$7.00", "unit_price": "$1.11 per 100g"},
{"product_name": "Pitango Soup Tomato Basil | 600g", "price": "$7.00", "unit_price": "$1.17 per 100g"},
{"product_name": "British Sausage Co Black Pudding | 200g", "price": "$7.00", "unit_price": "$35.00 per 1kg"},
{"product_name": "Lemnos Reduced Salt Haloumi | 180g", "price": "$7.00", "unit_price": "$38.89 per 1kg"},
{"product_name": "Dari's Chunky Minestrone Soup | 550g", "price": "$6.85", "unit_price": "$1.25 per 100g"},
{"product_name": "Riverina Dairy Haloumi Basil | 180g", "price": "$6.60", "unit_price": "$36.67 per 1kg"},
{"product_name": "Coles Finest Margherita Pizza | 350g", "price": "$6.50", "unit_price": "$1.86 per 100g"},
{"product_name": "Primo Lunch Plate Leg Ham & Tomato Chutney | 110g", "price": "$6.50", "unit_price": "$5.91 per 100g"},
{"product_name": "Unicorn Selections Ash Brie | 125g", "price": "$6.50", "unit_price": "$52.00 per 1kg"},
{"product_name": "Western Star Spreadable Blend Regular Salt Reduced | 375g", "price": "$6.00", "unit_price": "$1.60 per 100g"},
{"product_name": "Primo Australian Short Cut Bacon | 200g", "price": "$6.00", "unit_price": "$30.00 per 1kg"},
{"product_name": "Coles Finest Filled Pasta Pumpkin | 350g", "price": "$6.00", "unit_price": "$1.71 per 100g"},
{"product_name": "Beijing Sliced Garlic Tofu Pieces | 200g", "price": "$5.20", "unit_price": "$2.60 per 100g"},
{"product_name": "Nuttelex Kosher Spread Tub | 500g", "price": "$5.20", "unit_price": "$1.04 per 100g"},
{"product_name": "Oatly Oat Milk Vanilla | 1L", "price": "$5.00", "unit_price": "$5.00 per 1L"},
{"product_name": "Coles Perform Chicken Kale & Quinoa Soup | 400g", "price": "$5.00", "unit_price": "$1.25 per 100g"},
{"product_name": "Coles Natures Kitchen Smokey Potato Sausages | 250g", "price": "$5.00", "unit_price": "$2.00 per 100g"},
{"product_name": "Red Rock Deli Dip Classic Cheesy Spinach & Garlic Cob | 190g", "price": "$4.80", "unit_price": "$2.53 per 100g"},
{"product_name": "KCF Lime & Cracked Pepper Club Cheddar | 165g", "price": "$4.80", "unit_price": "$29.09 per 1kg"},
{"product_name": "Vitasoy Soy Yogurt Strawberry | 450g", "price": "$4.50", "unit_price": "$1.00 per 100g"},
{"product_name": "Fancy Plants Vanilla Rice Pud 2x110g | 220g", "price": "$4.40", "unit_price": "$2.00 per 100g"},
{"product_name": "Suncoast Gold Macadamia Unsweetened Long Life Milk 1L | 1L", "price": "$4.30", "unit_price": "$4.30 per 1L"},
{"product_name": "Primo Trios Mild Salami Pretzels & Tasty Cheese Cubes | 50g", "price": "$4.25", "unit_price": "$8.50 per 100g"},
{"product_name": "Wik Dripping | 500g", "price": "$4.20", "unit_price": "$0.84 per 100g"},
{"product_name": "Unicorn Classic Brie Chilli | 125g", "price": "$4.00", "unit_price": "$32.00 per 1kg"},
{"product_name": "Primo Mini Mix Ups Salami Cheese & Choc Chip Cookie | 35g", "price": "$3.75", "unit_price": "$10.71 per 100g"},
{"product_name": "Coles Unsalted Butter | 250g", "price": "$3.70", "unit_price": "$1.48 per 100g"},
{"product_name": "Don Mild Salami & Cheese Stix | 40g", "price": "$3.45", "unit_price": "$86.25 per 1kg"},
{"product_name": "Coles Tasty Cheese Slices Salami & Poppyseed Lavosh Crackers | 48g", "price": "$3.30", "unit_price": "$6.88 per 100g"},
{"product_name": "Coles Kitchen Cheese & Artisan Crackers | 40g", "price": "$2.30", "unit_price": "$5.75 per 100g"},
{"product_name": "Dodoni Greek Feta Cheese Lactose Free | 200g", "price": "$8.90", "unit_price": "$44.50 per 1kg"},
{"product_name": "Cibo Penne Tagliatelle Al Ragu | 300g", "price": "$8.90", "unit_price": "$2.97 per 100g"},
{"product_name": "Cucina Classica All Arrabiata Penne | 300g", "price": "$8.90", "unit_price": "$2.97 per 100g"},
{"product_name": "Dineamic Terriyaki Beef With Rice | 340g", "price": "$8.75", "unit_price": "$2.57 per 100g"},
{"product_name": "Somerdale IL Truffelino Cheddar Cheese With Truffle | 150g", "price": "$7.80", "unit_price": "$52.00 per 1kg"},
{"product_name": "Ipastai Raviolo Verde Spinach And Ricotta | 300g", "price": "$7.50", "unit_price": "$2.50 per 100g"},
{"product_name": "Cremeux Blue | 100g", "price": "$7.50", "unit_price": "$75.00 per 1kg"},
{"product_name": "Castello Double Cream Brie Chilli | 150g", "price": "$7.50", "unit_price": "$50.00 per 1kg"},
{"product_name": "The Organic Milk Co Organic Cheddar Cubes | 250g", "price": "$7.00", "unit_price": "$28.00 per 1kg"},
{"product_name": "Coles Kitchen Filled Pasta Ravioli Beef Tomato | 630g", "price": "$7.00", "unit_price": "$1.11 per 100g"},
{"product_name": "Cheer Plant Based Shredded Cheese | 200g", "price": "$7.00", "unit_price": "$3.50 per 100g"},
{"product_name": "Tidbit Spanish Goats Cheese | 150g", "price": "$7.00", "unit_price": "$46.67 per 1kg"},
{"product_name": "Pitango Free Range Soup Chicken & Vegetable | 600g", "price": "$7.00", "unit_price": "$1.17 per 100g"},
{"product_name": "Pitango Organic Soup Pumpkin & Ginger | 600g", "price": "$7.00", "unit_price": "$1.17 per 100g"},
{"product_name": "Deli-Licious Hungarian Style Salami | 100g", "price": "$6.90", "unit_price": "$69.00 per 1kg"},
{"product_name": "Deli-Licious Ham Style | 100g", "price": "$6.90", "unit_price": "$69.00 per 1kg"},
{"product_name": "Herbert Adams Wholemeal Quiche Sweet Potato Goats Cheese | 200g", "price": "$6.90", "unit_price": "$3.45 per 100g"},
{"product_name": "Ashgrove Tasmanian Smoked Cheddar The Hazards | 140g", "price": "$6.50", "unit_price": "$46.43 per 1kg"},
{"product_name": "Chris' Deli Dip Avocado Feta & Jalapeno | 170g", "price": "$6.50", "unit_price": "$3.82 per 100g"},
{"product_name": "The Organic Milk Co Organic Melt N Bake | 250g", "price": "$6.00", "unit_price": "$24.00 per 1kg"},
{"product_name": "Nature's Kitchen Cheddar Shred | 200g", "price": "$6.00", "unit_price": "$30.00 per 1kg"},
{"product_name": "Coles Dutch Edam | 230g", "price": "$6.00", "unit_price": "$26.09 per 1kg"},
{"product_name": "Seng Hork Mini Dark Brown Sugar Mantou | 550g", "price": "$5.60", "unit_price": "$1.02 per 100g"},
{"product_name": "Dairy Farmers Thick & Creamy Yoghurt Strawberry & Wattleseed | 550g", "price": "$5.50", "unit_price": "$1.00 per 100g"},
{"product_name": "Sheese Tasty Slices | 200g", "price": "$5.50", "unit_price": "$27.50 per 1kg"},
{"product_name": "Emborg French Camembert Petit | 125g", "price": "$5.20", "unit_price": "$41.60 per 1kg"},
{"product_name": "Normandie Pate Chicken Cointreau | 150g", "price": "$5.10", "unit_price": "$34.00 per 1kg"},
{"product_name": "Black Swan Dip Chunky Spicy Chargrilled Capsicum & Cashew | 150g", "price": "$5.00", "unit_price": "$3.33 per 100g"},
{"product_name": "Coles Perform Thai Chicken Noodle Soup | 400g", "price": "$5.00", "unit_price": "$1.25 per 100g"},
{"product_name": "Coles Perform Mexican Style Beef & Bean Soup | 400g", "price": "$5.00", "unit_price": "$1.25 per 100g"},
{"product_name": "Black Swan Crafted Sweet Chilli Jam Dip | 170g", "price": "$4.60", "unit_price": "$2.71 per 100g"},
{"product_name": "Delre Mini Chol | approx 180g", "price": "$6.84", "unit_price": "$38.00 per 1kg"},
{"product_name": "Herbert Adams Frittata Cheese Bacon Roasted Capsicum | 700g", "price": "$17.90", "unit_price": "$2.56 per 100g"},
{"product_name": "Herbert Adams Spinach Zucchini Feta & Pepita Wholemeal Quiche | 650g", "price": "$16.00", "unit_price": "$2.46 per 100g"},
{"product_name": "Herbert Adams Quiche Bacon Chedder Zucchini | 700g", "price": "$16.00", "unit_price": "$2.29 per 100g"},
{"product_name": "Jarlsberg Original Cheese Block | 500g", "price": "$14.50", "unit_price": "$29.00 per 1kg"},
{"product_name": "Coles Kitchen Rich Beef Pie | 700g", "price": "$14.50", "unit_price": "$2.07 per 100g"},
{"product_name": "Coles Finest Angus Beef Cottage Pie | 700g", "price": null, "unit_price": null},
{"product_name": "Coles Cottage Pie | 1.2kg", "price": "$12.50", "unit_price": "$1.04 per 100g"},
{"product_name": "Real Dairy Tasty Cheese & Crackers 10 Pack | 300g", "price": "$11.00", "unit_price": "$3.67 per 100g"},
{"product_name": "Coles Perform Lean Thai Green Chicken Curry | 400g", "price": "$9.95", "unit_price": "$2.49 per 100g"},
{"product_name": "Nuttelex Buttery | 1kg", "price": "$9.00", "unit_price": "$0.90 per 100g"},
{"product_name": "25 Degrees South Native Pumpkin Ricotta Ravioli | 325g", "price": "$9.00", "unit_price": "$2.77 per 100g"},
{"product_name": "Cucina Classica Rigatoni Bolognese | 320g", "price": "$8.90", "unit_price": "$2.78 per 100g"},
{"product_name": "Cheer Colby Cheese Slices | 250g", "price": "$8.00", "unit_price": "$32.00 per 1kg"},
{"product_name": "Dari's Creamy Pumpkin Soup | 1.2kg", "price": "$7.95", "unit_price": "$0.66 per 100g"},
{"product_name": "Mornington Peninsula Free Range 12 Pack | 700g", "price": "$7.70", "unit_price": "$1.10 per 100g"},
{"product_name": "Coles Nature's Kitchen Singapore Noodles | 350g", "price": "$7.50", "unit_price": "$2.14 per 100g"},
{"product_name": "Emborg French Camembert | 200g", "price": "$7.20", "unit_price": "$36.00 per 1kg"},
{"product_name": "Wildly Good Fritter Bites Cauliflower | 210g", "price": "$7.00", "unit_price": "$3.33 per 100g"},
{"product_name": "Mersey Valley Club Ploughman's Cheddar Cheese  | 235g", "price": "$7.00", "unit_price": "$29.79 per 1kg"},
{"product_name": "Provedore Mild Salami & Cheese Roll Ups | 95g", "price": "$7.00", "unit_price": "$73.68 per 1kg"},
{"product_name": "Ashgrove Tasmanian Vintage Cheddar Wineglass Bay | 140g", "price": "$6.50", "unit_price": "$46.43 per 1kg"},
{"product_name": "Coles Finest Ham Mushroom Olive Pizza | 360g", "price": "$6.50", "unit_price": "$1.81 per 100g"},
{"product_name": "Unicorn Selections Truffle Brie | 125g", "price": "$6.50", "unit_price": "$52.00 per 1kg"},
{"product_name": "Snowdonia Black Bomber | 150g", "price": "$6.50", "unit_price": "$43.34 per 1kg"},
{"product_name": "Mersey Valley Club Vintage Dairy Extra Tasty Cheddar Cheese | 180g", "price": "$6.20", "unit_price": "$34.45 per 1kg"},
{"product_name": "Mersey Valley Club Dairy Original Vintage Cheddar Cheese | 180g", "price": "$6.20", "unit_price": "$34.45 per 1kg"},
{"product_name": "Coles Nature's Kitchen Lentil Bolognese Ravioli | 350g", "price": "$6.20", "unit_price": "$1.77 per 100g"},
{"product_name": "Coles Gourmet Selection Paneer | 200g", "price": "$6.00", "unit_price": "$30.00 per 1kg"},
{"product_name": "Coles Perform Pasta Veg | 360g", "price": "$6.00", "unit_price": "$1.67 per 100g"},
{"product_name": "Yumi's Limited Edition Burger | 220g", "price": "$6.00", "unit_price": "$2.73 per 100g"},
{"product_name": "Coles Spanish Iberico | 150g", "price": "$6.00", "unit_price": "$40.00 per 1kg"},
{"product_name": "Farmers Union No Added Sugar Kids Yogurt Pouch Banana | 130g", "price": "$1.10", "unit_price": "$0.85 per 100g"},
{"product_name": "King Island Dairy Black Label Brie | approx100g", "price": "$7.30", "unit_price": "$73.00 per 1kg"},
{"product_name": "West Country Farmhouse Cheddar | approx100g", "price": "$5.00", "unit_price": "$50.00 per 1kg"},
{"product_name": "British Truffle Cheddar | approx 100g", "price": "$4.50", "unit_price": "$45.00 per 1kg"},
{"product_name": "Coles Deli Marinated Fetta Cheese | approx 100g", "price": "$2.45", "unit_price": "$24.50 per 1kg"},
{"product_name": "Coles Bolognese Bake | 1.8kg", "price": "$12.00", "unit_price": "$0.67 per 100g"},
{"product_name": "Youfoodz Chargrill Chicken Chipotle Mayo | 326g", "price": "$10.95", "unit_price": "$3.36 per 100g"},
{"product_name": "Coles Kitchen Broccoli Parmesan Quiche 2 Pack | 400g", "price": "$10.00", "unit_price": "$2.50 per 100g"},
{"product_name": "Coles Eat Well Thai Green Curry Brown Rice Broccoli | 360g", "price": "$9.95", "unit_price": "$2.76 per 100g"},
{"product_name": "Coles Eat Well Chicken Risotto Pumpkin Pesto Fetta | 345g", "price": "$9.95", "unit_price": "$2.88 per 100g"},
{"product_name": "Coles Eat Well BBQ Pulled Pork With Sweet Potato Broccoli | 340g", "price": "$9.95", "unit_price": "$2.93 per 100g"},
{"product_name": "Dari's Thai Prawn Soup | 600g", "price": "$9.95", "unit_price": "$1.66 per 100g"},
{"product_name": "Yarra Valley Cheese Double Brie | 200g", "price": "$9.40", "unit_price": "$47.00 per 1kg"},
{"product_name": "25 Degrees South Ravioli Baby Spinach & Fetta  | 325g", "price": "$9.00", "unit_price": "$2.77 per 100g"},
{"product_name": "Bio Cheese Pizza Shred | 200g", "price": "$9.00", "unit_price": "$45.00 per 1kg"},
{"product_name": "Cucina Classica Beef Lasagna | 350g", "price": "$8.90", "unit_price": "$2.54 per 100g"},
{"product_name": "Latina Gluten Free Lasagne Sheets | 280g", "price": "$8.75", "unit_price": "$3.13 per 100g"},
{"product_name": "Latina Gluten Free Beef Ravioli | 280g", "price": "$8.75", "unit_price": "$3.13 per 100g"},
{"product_name": "Don Hot Hungarian Salami | 200g", "price": "$8.50", "unit_price": "$42.50 per 1ea"},
{"product_name": "Bean Supreme Parsley Sage & Rosemary Sausages 6 Pack | 375g", "price": "$8.50", "unit_price": "$2.27 per 100g"},
{"product_name": "D'Argental Washed Rind Brie | approx150g", "price": "$8.44", "unit_price": "$56.25 per 1kg"},
{"product_name": "Coles Kitchen Chicken Leek Pie | 350g", "price": "$8.00", "unit_price": "$2.29 per 100g"},
{"product_name": "National Pie Chunky Beef 2 Pack | 360g", "price": "$8.00", "unit_price": "$2.22 per 100g"},
{"product_name": "Dari's Lentil Soup | 1.2kg", "price": "$7.95", "unit_price": "$0.66 per 100g"},
{"product_name": "Coles Natures Kitchen Vegetable Lasagne | 400g", "price": null, "unit_price": null},
{"product_name": "Mersey Valley Club Green Peppercorn Cheese | 235g", "price": "$7.00", "unit_price": "$29.79 per 1kg"},
{"product_name": "Coles Kitchen Vegetable Spring Rolls | 200g", "price": "$6.50", "unit_price": "$3.25 per 100g"},
{"product_name": "Primo Lunch Plate Mild Salami & Beetroot Relish | 110g", "price": "$6.50", "unit_price": "$5.91 per 100g"},
{"product_name": "Herbert Adams Quich Mushroom Onion Thyme | 200g", "price": "$6.50", "unit_price": "$3.25 per 100g"},
{"product_name": "Coles Kitchen Chicken Tikka Bites | 200g", "price": "$6.50", "unit_price": "$3.25 per 100g"},
{"product_name": "Coles Natures Kitchen Mushroom Agnolotti | 350g", "price": "$5.70", "unit_price": "$1.63 per 100g"},
{"product_name": "Obela Dip Hommus Garnished Basil Pesto | 220g", "price": "$5.50", "unit_price": "$2.50 per 100g"},
{"product_name": "Black Swan Warming Spinach & Cheese Dip | 180g", "price": "$4.60", "unit_price": "$2.56 per 100g"},
{"product_name": "Island Berries Tasmania Panna Cotta Salted Caramel Sauce | 145g", "price": "$4.50", "unit_price": "$3.10 per 100g"},
{"product_name": "Yumi's Choice Guacamole With Jalapeno And Spring Onion Dip | 150g", "price": "$4.50", "unit_price": "$3.00 per 100g"},
{"product_name": "Yumi's Choice Roasted Red Capsicum Pesto Dip | 150g", "price": "$4.50", "unit_price": "$3.00 per 100g"},
{"product_name": "Yumi's Mini Sweet Potato & Cashew Dip 3x65g | 195g", "price": "$4.50", "unit_price": "$2.31 per 100g"},
{"product_name": "Chris' Plant Based Dip Three Olive | 200g", "price": "$4.30", "unit_price": "$2.15 per 100g"},
{"product_name": "Chris' Plant Based Dip Guacamole | 200g", "price": "$4.30", "unit_price": "$2.15 per 100g"},
{"product_name": "Primo Stacker Leg Ham Cheese & Crackers | 50g", "price": "$4.25", "unit_price": "$8.50 per 100g"},
{"product_name": "Coles Parmesan Cheese | 125g", "price": "$4.00", "unit_price": "$3.20 per 100g"},
{"product_name": "Thomson's Deli Devon | 1kg", "price": "$4.00", "unit_price": "$4.00 per 1kg"},
{"product_name": "Primo Mini Mix Ups Ham Cheese & Choc Chip Cookie | 35g", "price": "$3.75", "unit_price": "$10.71 per 100g"},
{"product_name": "Primo Mini Mix Ups Chicken Cheese & Choc Chip Cookies | 35g", "price": "$3.75", "unit_price": "$10.71 per 100g"},
{"product_name": "Coles Tasty Cheese Slices Hungarian Salami & Watercrackers | 50g", "price": "$3.30", "unit_price": "$6.60 per 100g"},
{"product_name": "Coles Nature's Kitchen Minestrone Soup | 300g", "price": "$3.00", "unit_price": "$1.00 per 100g"},
{"product_name": "Coles Kitchen Pea & Ham Soup | 300g", "price": "$3.00", "unit_price": "$1.00 per 100g"},
{"product_name": "Coles TASTY CHEESE BITES & SOY CRISPS | 45g", "price": "$2.30", "unit_price": "$5.11 per 100g"},
{"product_name": "Coles Original Almond Milk | 1L", "price": "$2.00", "unit_price": "$2.00 per 1L"},
{"product_name": "King Island Dairy Netherby Cove Camembert | approx 100g", "price": "$7.60", "unit_price": "$76.00 per 1kg"},
{"product_name": "Snowdonia Red Storm Vintage Red Leicester Cheddar | approx 100g", "price": "$6.90", "unit_price": "$69.00 per 1kg"},
{"product_name": "Snowdonia Black Bomber Mature Cheddar | approx 100g", "price": "$6.90", "unit_price": "$69.00 per 1kg"},
{"product_name": "South Cape 4 Piece Cheese Selection Platter | 435g", "price": "$21.95", "unit_price": "$50.46 per 1kg"},
{"product_name": "Coles Finest Angus Beef Lasagne | 700g", "price": null, "unit_price": null},
{"product_name": "Cracker Barrel Extra Sharp Cheese Block | 500g", "price": "$13.80", "unit_price": "$27.60 per 1kg"},
{"product_name": "Coles Kitchen Quiche Pumpkin Fetta & Spinach | 700g", "price": "$13.50", "unit_price": "$1.93 per 100g"},
{"product_name": "Youfoodz Fueld Osso Buco | 480g", "price": "$11.95", "unit_price": "$2.49 per 100g"},
{"product_name": "Youfoodz Fueld Loaded Mexican Chicken | 420g", "price": "$11.95", "unit_price": "$2.85 per 100g"},
{"product_name": "Youfoodz Fueld Peri Peri Chicken With Spicy Mayo | 430g", "price": "$11.95", "unit_price": "$2.78 per 100g"},
{"product_name": "Youfoodz Regular Teriyaki Chicken And Fried Rice | 350g", "price": "$10.95", "unit_price": "$3.13 per 100g"},
{"product_name": "Rana Filled Pasta Pumpkin & Cheese Tortellini | 565g", "price": "$10.00", "unit_price": "$1.77 per 100g"},
{"product_name": "Coles Eat Well Fusilli Chicken Mediterranean Veg Sauce | 390g", "price": "$9.95", "unit_price": "$2.55 per 100g"},
{"product_name": "Coles Eat Well Beef Ragu Pumpkin Gnocchi | 340g", "price": "$9.95", "unit_price": "$2.93 per 100g"},
{"product_name": "Coles Perform Build BBQ Pulled Pork And Mash | 450g", "price": "$9.95", "unit_price": "$2.21 per 100g"},
{"product_name": "Bio Original Cheese Block | 200g", "price": "$7.00", "unit_price": "$35.00 per 1kg"},
{"product_name": "Chobani Oat Yogurt Vanilla | 500g", "price": "$6.50", "unit_price": "$1.30 per 100g"},
{"product_name": "Chris' Deli Dip Sundried Tomato Cashew & Feta | 170g", "price": "$6.50", "unit_price": "$3.82 per 100g"},
{"product_name": "Chris' Heritage Blue Cheese Fig & Pistachio Savoury Dip | 170g", "price": "$6.50", "unit_price": "$3.82 per 100g"},
{"product_name": "Pauls Zymil Vanilla Custard | 1kg", "price": "$6.40", "unit_price": "$0.64 per 100g"},
{"product_name": "Babybel Mini Cheese Swiss Style | 100g", "price": "$6.25", "unit_price": "$62.50 per 1kg"},
{"product_name": "La Casa Del Formaggio Original Bocconcini Cheese | 220g", "price": "$6.00", "unit_price": "$27.27 per 1kg"},
{"product_name": "Provedore Spanish Style Tapas | 90g", "price": "$6.00", "unit_price": "$66.67 per 1kg"},
{"product_name": "Yumis Classic Veggie Burger 2 pack | 220g", "price": "$6.00", "unit_price": "$2.73 per 100g"},
{"product_name": "Smoked Eggs 6 Pack | 350g", "price": "$5.95", "unit_price": "$1.70 per 100g"},
{"product_name": "Pilpel Dip Taramosalata | 310g", "price": "$5.85", "unit_price": "$1.89 per 100g"},
{"product_name": "Obela Dip Smashed Avocado | 200g", "price": "$5.80", "unit_price": "$2.90 per 100g"},
{"product_name": "Coles Finest Spanish Red Wine Cheese | 150g", "price": "$5.60", "unit_price": "$37.34 per 1kg"},
{"product_name": "Riverina Dairy Greek Style Fetta | 200g", "price": "$5.30", "unit_price": "$26.50 per 1kg"},
{"product_name": "Cocobella Coconut Yoghurt Blueberry | 500g", "price": "$5.00", "unit_price": "$1.00 per 100g"},
{"product_name": "Coles Kitchen Creamy Carbonara Sauce | 425g", "price": null, "unit_price": null},
{"product_name": "Coles Kitchen Beef Bolognese Sauce | 425g", "price": null, "unit_price": null},
{"product_name": "Mersey Valley Jalapeno Vintage Cheddar | 80g", "price": "$4.80", "unit_price": "$60.00 per 1kg"},
{"product_name": "Kenilworth Roast Garlic & Cracked Pepper Cheddar | 165g", "price": "$4.80", "unit_price": "$29.09 per 1kg"},
{"product_name": "Living Planet Goats Long Life Milk | 1L", "price": "$4.70", "unit_price": "$4.70 per 1L"},
{"product_name": "Island Berries Tasmania Panna Cotta With Mango Passionfruit Coulis | 145g", "price": "$4.50", "unit_price": "$3.10 per 100g"},
{"product_name": "Pilpel Hummous Dip | 200g", "price": "$4.50", "unit_price": "$2.25 per 100g"},
{"product_name": "Coles Nature's Kitchen Veggie Sauce | 425g", "price": null, "unit_price": null},
{"product_name": "Mainland Caramelised Onion Lunch Pack | 110g", "price": "$4.40", "unit_price": "$4.00 per 100g"},
{"product_name": "Chris' Plant Based Dip Hommus Roasted Garlic | 200g", "price": "$4.30", "unit_price": "$2.15 per 100g"},
{"product_name": "Chris's Plant Based Sweet Potato And Cashew Dip | 200g", "price": "$4.30", "unit_price": "$2.15 per 100g"},
{"product_name": "Primo Cheesy Kabana Cheddar Shapes & Tasy Cheese | 53g", "price": "$4.25", "unit_price": "$8.02 per 100g"},
{"product_name": "Primo Cabanossi Barbeque Shapes & Tasty Cheese | 50g", "price": "$4.25", "unit_price": "$8.50 per 100g"},
{"product_name": "Primo Duos Mild Twiggy Bites And Cheese | 50g", "price": "$4.25", "unit_price": "$8.50 per 100g"},
{"product_name": "Primo Stacker Danish Salami Cheese & Crackers | 45g", "price": "$4.25", "unit_price": "$9.44 per 100g"},
{"product_name": "Yarra Valley Cheese Salted Honey Cow | 80g", "price": "$4.10", "unit_price": "$51.25 per 1kg"},
{"product_name": "Obela Classic Tzatziki To Go Dip | 125g", "price": "$4.00", "unit_price": "$3.20 per 100g"},
{"product_name": "Udder Delights Brie | approx100g", "price": "$4.60", "unit_price": "$46.00 per 1kg"},
{"product_name": "Zanetti Pecorino Romano | 200g", "price": "$12.50", "unit_price": "$62.50 per 1kg"},
{"product_name": "Dodoni Saganaki | 200g", "price": "$12.00", "unit_price": "$60.00 per 1kg"},
{"product_name": "South Cape Dairy Cheese Fetta Marinated | 350g", "price": "$11.50", "unit_price": "$32.86 per 1kg"},
{"product_name": "Yarra Valley Cheese Marinated Persian Fetta | 350g", "price": "$11.40", "unit_price": "$32.57 per 1kg"},
{"product_name": "Youfoodz Regular Chicken Penne With Sundried Tomato Sauce | 316g", "price": "$10.95", "unit_price": "$3.47 per 100g"},
{"product_name": "Mainland Vintage Cheese Block | 400g", "price": "$10.00", "unit_price": "$25.00 per 1kg"},
{"product_name": "Coles Perform Build Braised Beef And Mash | 450g", "price": "$9.95", "unit_price": "$2.21 per 100g"},
{"product_name": "Coles Finest Mushroom Risotto | 400g", "price": null, "unit_price": null},
{"product_name": "Coles Finest Thai Red Chicken Curry | 400g", "price": null, "unit_price": null},
{"product_name": "Coles Finest Thai Green Chicken Curry With Coconut Rice | 350g", "price": "$9.00", "unit_price": "$2.57 per 100g"},
{"product_name": "Get Plant'd Bacon | 200g", "price": "$9.00", "unit_price": "$4.50 per 100g"},
{"product_name": "Bio Shredded Cheddar Cheese | 200g", "price": "$9.00", "unit_price": "$45.00 per 1kg"},
{"product_name": "South Cape Trilogy Summer Herbs Vintage Sun-Dried Tomato | 140g", "price": "$8.15", "unit_price": "$58.21 per 1kg"},
{"product_name": "Lemnos Haloumi Slices | 200g", "price": "$8.00", "unit_price": "$40.00 per 1kg"},
{"product_name": "Pauls Milky Max Chocolate Dairy Snack 12 pack | 1.2kg", "price": "$8.00", "unit_price": "$0.67 per 100g"},
{"product_name": "Dari's Classic Chicken Noodle Soup | 1.2kg", "price": "$7.95", "unit_price": "$0.66 per 100g"},
{"product_name": "Ipastai Tortellone Wagyu | 300g", "price": "$7.50", "unit_price": "$2.50 per 100g"},
{"product_name": "Mersey Valley Club Pickled Onion Cheddar Cheese | 235g", "price": "$7.00", "unit_price": "$29.79 per 1kg"},
{"product_name": "Dari's Classic Pumpkin Soup | 550g", "price": "$6.85", "unit_price": "$1.25 per 100g"},
{"product_name": "Dari's Creamy Pumpkin Soup | 550g", "price": "$6.85", "unit_price": "$1.25 per 100g"},
{"product_name": "Dodoni Halloumi | 225g", "price": "$6.75", "unit_price": "$30.00 per 1kg"},
{"product_name": "South Cape Spring Onion & Chive Cream Cheese | 200g", "price": "$6.50", "unit_price": "$32.50 per 1kg"},
{"product_name": "Flora Plant Based Thickened Cream 31% | 500mL", "price": "$6.50", "unit_price": "$1.30 per 100mL"},
{"product_name": "South Cape Wedge Cheese Edam | 180g", "price": "$6.50", "unit_price": "$36.11 per 1kg"},
{"product_name": "Coles Perform Pasta Chicken | 360g", "price": "$6.00", "unit_price": "$1.67 per 100g"},
{"product_name": "Primo Cafe Beef Mild Fajita | 140g", "price": "$6.00", "unit_price": "$42.86 per 1kg"},
{"product_name": "Coles Finest Angus Beef Ragu Ravioli | 350g", "price": "$6.00", "unit_price": "$1.71 per 100g"},
{"product_name": "Westgold Salted Butter | 400g", "price": null, "unit_price": null},
{"product_name": "Yenson's Firm Tofu | 550g", "price": "$5.80", "unit_price": "$1.05 per 100g"},
{"product_name": "Danone Ultimate Greek Yoghurt Limited Edition 4 pack | 460g", "price": "$5.75", "unit_price": "$1.25 per 100g"},
{"product_name": "Obela Beetroot And Hommus | 220g", "price": "$5.50", "unit_price": "$2.50 per 100g"},
{"product_name": "Impressed Oat Shake Strawberry | 500mL", "price": "$4.00", "unit_price": null},
{"product_name": "Wicked Sister Chocolate Mousse | 90g", "price": "$3.80", "unit_price": "$4.22 per 100g"},
{"product_name": "Stonefire Original Naan Bread | 250g", "price": "$3.40", "unit_price": "$1.36 per 100g"},
{"product_name": "Coles Kitchen Cheese Salami & Crackers | 60g", "price": "$3.30", "unit_price": "$5.50 per 100g"},
{"product_name": "Don Italian Style Shaved Salami | 160g", "price": "$3.20", "unit_price": "$20.00 per 1kg"},
{"product_name": "Coles Finest Italian Passata Sauced Pizza Base | 250g", "price": "$3.20", "unit_price": "$1.28 per 100g"},
{"product_name": "Coles Kitchen Beef Vegetable And Barley Soup | 300g", "price": "$3.00", "unit_price": "$1.00 per 100g"},
{"product_name": "Pureharvest Dairy Free Almond Long Life Milk | 1L", "price": "$2.60", "unit_price": "$2.60 per 1L"},
{"product_name": "Pauls Custard Vanilla Bean | 170g", "price": "$2.50", "unit_price": "$1.47 per 100g"},
{"product_name": "Coles Creamy Vanilla Dessert 2 Pack | 300g", "price": "$2.20", "unit_price": "$0.73 per 100g"},
{"product_name": "Jalna Lactose Free Yoghurt Strawberry | 170g", "price": "$2.20", "unit_price": "$1.29 per 100g"},
{"product_name": "Pauls Banana Pouch | 70g", "price": "$1.50", "unit_price": "$2.14 per 100g"},
{"product_name": "Thomson's Deli Devon | 100g", "price": "$1.30", "unit_price": "$13.00 per 1kg"},
{"product_name": "Bodalla Vintage Cheddar | approx 100g", "price": "$5.00", "unit_price": "$50.00 per 1kg"},
{"product_name": "Coles Finest 24 Month Aged Irish Cheddar | approx 100g", "price": "$4.00", "unit_price": "$40.00 per 1kg"},
{"product_name": "Delre Dutch Smoked Cheese | approx 250g", "price": "$9.00", "unit_price": "$36.00 per 1kg"},
{"product_name": "Primo Stackers Salami 3 Pack | 150g", "price": "$10.70", "unit_price": "$71.34 per 1kg"},
{"product_name": "Great Ocean Road Tasty Cheese Block | 500g", "price": "$10.60", "unit_price": "$21.20 per 1kg"},
{"product_name": "Great Ocean Road Colby Cheese Block | 500g", "price": "$10.60", "unit_price": "$21.20 per 1kg"},
{"product_name": "Jarlsberg Original Cheese Block | 250g", "price": "$10.50", "unit_price": "$42.00 per 1kg"},
{"product_name": "Coles Eat Well Chicken Stir Fry Sweet Soy Noodles Veg | 370g", "price": "$9.95", "unit_price": null},
{"product_name": "Thomson's Deli Sliced Turkey | 320g", "price": "$9.90", "unit_price": "$30.94 per 1kg"},
{"product_name": "Coles Finest Chicken And Pancetta Carbonara Linguine | 400g", "price": null, "unit_price": null},
{"product_name": "25 Degrees South Prosciutto & Ricotta Ravioli | 325g", "price": "$9.00", "unit_price": "$2.77 per 100g"},
{"product_name": "Lemnos Twin Packs Haloumi | 200g", "price": "$9.00", "unit_price": "$45.00 per 1kg"},
{"product_name": "Don Pepperoni Salami | 200g", "price": "$8.50", "unit_price": "$42.50 per 1kg"},
{"product_name": "Latina Vegetarian Pasta Filled Vegetarian Broc | 375g", "price": "$8.00", "unit_price": "$2.13 per 100g"},
{"product_name": "Coles Kitchen Sweet Chilli Chicken Noodles | 350g", "price": null, "unit_price": null},
{"product_name": "Cheer Vintage Cheese Slices | 250g", "price": "$8.00", "unit_price": "$32.00 per 1kg"},
{"product_name": "Coles Kitchen Mongolian Beef And Jasmine Rice | 350g", "price": null, "unit_price": null},
{"product_name": "Rana Four Cheese Ravioli | 325g", "price": "$8.00", "unit_price": "$2.46 per 100g"},
{"product_name": "Coles Nature's Kitchen Middle Eastern Style Veg & Quinoa | 350g", "price": "$7.50", "unit_price": "$2.14 per 100g"},
{"product_name": "Black Swan Crafted Dill & Mint Tzatziki Dip | 170g", "price": "$4.60", "unit_price": "$2.71 per 100g"},
{"product_name": "Siggi's Yoghurt Vanilla | 500g", "price": "$4.50", "unit_price": "$0.90 per 100g"},
{"product_name": "Philadelphia Lactose Free Block | 250g", "price": "$4.50", "unit_price": "$18.00 per 1kg"},
{"product_name": "Don Crafted Cuts Sopressa Salami Slices | 80g", "price": "$4.40", "unit_price": "$55.00 per 1kg"},
{"product_name": "Kingland Dairy Free Natural Greek Style Yoghurt | 500g", "price": "$4.40", "unit_price": "$0.88 per 100g"},
{"product_name": "Coles Danish Blue Cheese | 100g", "price": "$4.40", "unit_price": "$44.00 per 1kg"},
{"product_name": "Chris' Plant Based Dip French Onion | 200g", "price": "$4.30", "unit_price": "$2.15 per 100g"},
{"product_name": "Primo Stacker Chicken Cheese & Rice Crackers | 45g", "price": "$4.25", "unit_price": "$9.44 per 100g"},
{"product_name": "Primo Stackers Spicy Chorizo Cheese & Crackers | 50g", "price": "$4.25", "unit_price": "$85.00 per 1kg"},
{"product_name": "Hunt & Brew Peru Mocha Iced Coffee | 400mL", "price": "$3.95", "unit_price": "$9.88 per 1L"},
{"product_name": "Moondarra Cheese Honey Fig & Macadamia | 120g", "price": "$3.90", "unit_price": "$32.50 per 1kg"},
{"product_name": "Coles Kitchen Garlic Naan 2 | 360g", "price": "$3.90", "unit_price": "$1.08 per 100g"},
{"product_name": "Lemnos Crumbled Fetta Pouch | 120g", "price": "$3.85", "unit_price": "$32.08 per 1kg"},
{"product_name": "Pitango Soup Creamy Pumpkin Coconut | 350g", "price": "$3.75", "unit_price": "$1.07 per 100g"},
{"product_name": "YoPro Perform Yoghurt Banana | 175g", "price": "$3.70", "unit_price": "$2.11 per 100g"},
{"product_name": "La Famiglia Pane Di Casa Just For 2 | 190g", "price": "$3.30", "unit_price": "$1.74 per 100g"},
{"product_name": "Arnotts Jatz & Tasty Cheese | 33g", "price": "$3.20", "unit_price": "$9.70 per 100g"},
{"product_name": "Copha Vegetable Cooking Oil Solid | 250g", "price": "$3.00", "unit_price": "$1.20 per 100g"},
{"product_name": "Philadelphia Light Cream For Cooking | 240mL", "price": "$2.90", "unit_price": "$1.21 per 100mL"},
{"product_name": "Vitasoy Soy Yogurt Mango Passionfruit | 140g", "price": "$2.70", "unit_price": "$1.93 per 100g"},
{"product_name": "Ice Break Single Shot Espresso | 320mL", "price": "$2.65", "unit_price": "$8.28 per 1L"},
{"product_name": "Fantastic Singapore Noodles | 350g", "price": "$2.30", "unit_price": "$0.66 per 100g"},
{"product_name": "Jalna Lactose Free Yoghurt Vanilla | 170g", "price": "$2.20", "unit_price": "$1.29 per 100g"},
{"product_name": "Milklab Oat Milk | 250mL", "price": "$2.00", "unit_price": "$0.80 per 100mL"},
{"product_name": "Coles Kitchen Zucchini Slice | 700g", "price": "$13.50", "unit_price": "$1.93 per 100g"},
{"product_name": "Cheer Mozzarella Cheese Block | 500g", "price": "$10.90", "unit_price": "$21.80 per 1kg"},
{"product_name": "Coles Kitchen Quiche Lorraine 2 Pack | 400g", "price": "$10.00", "unit_price": "$2.50 per 100g"},
{"product_name": "Coles Eat Well Chicken Tikka Masala Jewelled Rice Broccoli | 365g", "price": "$9.95", "unit_price": "$2.73 per 100g"},
{"product_name": "Coles Finest Beef Ragu Fettucine | 400g", "price": "$9.50", "unit_price": "$2.38 per 100g"},
{"product_name": "King Island Dairy Phoques Cove Camembert Cheese | 200g", "price": "$8.90", "unit_price": "$44.50 per 1kg"},
{"product_name": "Jalna Lactose Free Sweet And Creamy | 1Kg", "price": "$8.80", "unit_price": "$0.88 per 100g"},
{"product_name": "Dineamic Meal Chicken & Chorizo Paella | 360g", "price": "$8.75", "unit_price": "$2.43 per 100g"},
{"product_name": "Garlos Chunky Steak Pie | 200g", "price": "$5.40", "unit_price": "$2.70 per 100g"},
{"product_name": "Australian Gold Dairy Cheese Brie | 115g", "price": "$4.95", "unit_price": "$43.04 per 1kg"},
{"product_name": "South Cape Little Entertainers Club Vintage Trilogy | 80g", "price": "$4.80", "unit_price": "$60.00 per 1kg"},
{"product_name": "Simply Better Plain Firm Tofu | 375g", "price": "$4.80", "unit_price": "$1.28 per 100g"},
{"product_name": "Almond Breeze Extra Creamy Almond Milk | 1L", "price": "$4.50", "unit_price": "$4.50 per 1L"},
{"product_name": "Yumi's Classic Dip Baba Ganoosh | 200g", "price": "$4.50", "unit_price": "$2.25 per 100g"},
{"product_name": "Red Rock Deli Dip Singles Caramelised French Onion 3X50G | 150g", "price": "$4.50", "unit_price": "$3.00 per 100g"},
{"product_name": "Pauls Gluten Free Low Fat Vanilla Custard | 600g", "price": "$4.30", "unit_price": "$0.72 per 100g"},
{"product_name": "Primo Cheese Kabana Cheese & Bacon Shapes & Tasty Cheese | 50g", "price": "$4.25", "unit_price": "$8.50 per 100g"},
{"product_name": "Primo Duos Cabanossi And Cheese | 50g", "price": "$4.25", "unit_price": "$8.50 per 100g"},
{"product_name": "Supreme Wonton Wrappers | 250g", "price": "$3.75", "unit_price": "$1.50 per 100g"},
{"product_name": "Coles Natures Kitchen Mixed Garden Vegetable Koftas | 240g", "price": "$3.75", "unit_price": "$1.56 per 100g"},
{"product_name": "Youfoodz Choc Brownie Bite | 40g", "price": "$3.00", "unit_price": "$7.50 per 100g"},
{"product_name": "Yog'N Oats Yogurt Blueberry & Coconut | 150g", "price": "$2.85", "unit_price": "$1.90 per 100g"},
{"product_name": "Vitasoy Almond Iced Chocolate | 330mL", "price": "$2.50", "unit_price": "$7.58 per 1L"},
{"product_name": "Coles Tasty Cheese Bites And Garlic Chilli Green Olives | 45g", "price": "$2.30", "unit_price": "$5.11 per 100g"},
{"product_name": "Coles Creamy Choc Dessert 2 Pack | 300g", "price": "$2.20", "unit_price": "$0.73 per 100g"},
{"product_name": "Coles Unsweetened Oat Milk | 1L", "price": "$2.00", "unit_price": "$2.00 per 1L"},
{"product_name": "King Island Dairy Surprise Bay Cheddar Cheese Block | approx200g", "price": "$10.80", "unit_price": "$54.00 per 1kg"},
{"product_name": "Brie Mon Pere | approx 100g", "price": "$5.00", "unit_price": "$50.00 per 1kg"},
{"product_name": "Coles Kitchen Quiche Lorraine | 700g", "price": "$13.50", "unit_price": "$1.93 per 100g"},
{"product_name": "Yallamundi Farm Organic Free Range Eggs 12 Pack | 700g", "price": "$12.50", "unit_price": "$1.79 per 100g"},
{"product_name": "Coyo Organic Coconut Yoghurt Vanilla Bean | 900g", "price": "$12.00", "unit_price": "$1.33 per 100g"},
{"product_name": "Youfoodz Fueld Honey Soy Chicken Noodles | 436g", "price": "$11.95", "unit_price": "$2.74 per 100g"},
{"product_name": "Coles Eat Well Butter Chicken With Brown Rice Spinach Peas | 350g", "price": "$9.95", "unit_price": "$2.84 per 100g"},
{"product_name": "Coles Eat Well Chicken Carbonara Spaghetti Bacon Parmesan | 360g", "price": "$9.95", "unit_price": "$2.76 per 100g"},
{"product_name": "King Island Dairy Stokes Point Smoked Cheddar Cheese | 170g", "price": "$8.75", "unit_price": "$51.47 per 1kg"},
{"product_name": "Don Mild Hungarian Salami | 200g", "price": "$8.50", "unit_price": "$42.50 per 1ea"},
{"product_name": "South Cape Club Cheddar Vintage | 140g", "price": "$8.15", "unit_price": "$58.21 per 1kg"},
{"product_name": "South Cape Club Cheddar Smoked | 140g", "price": "$8.15", "unit_price": "$58.21 per 1kg"},
{"product_name": "Lemnos Foods Dairy Cheese Paneer | 200g", "price": "$8.00", "unit_price": "$40.00 per 1kg"},
{"product_name": "Coles Kitchen Thai Red Vegetable Curry & Rice | 350g", "price": null, "unit_price": null},
{"product_name": "Australian Gold Dairy Cheese Camembert | 115g", "price": "$4.95", "unit_price": "$43.04 per 1kg"},
{"product_name": "Coles Kitchen Tear And Share Cheesy Garlic Bread | 350g", "price": "$4.80", "unit_price": "$1.37 per 100g"},
{"product_name": "Brancourts Classic Cottage Cheese | 250g", "price": "$4.80", "unit_price": "$19.20 per 1kg"},
{"product_name": "Kenilworth Sweet Chilli Sour Cream & Bell Peppers Club Cheddar Cheese | 165g", "price": "$4.80", "unit_price": "$29.09 per 1kg"},
{"product_name": "Soyco Tofu Hi-Protein Firm Block | 350g", "price": "$4.70", "unit_price": "$1.34 per 100g"},
{"product_name": "Black Swan Crafted Beetroot Tzatziki Dip | 170g", "price": "$4.60", "unit_price": "$2.71 per 100g"},
{"product_name": "Maggie Beer Quince Paste | 100g", "price": "$4.50", "unit_price": "$45.00 per 1kg"},
{"product_name": "Siggi's Natural Yoghurt | 500g", "price": "$4.50", "unit_price": "$0.90 per 100g"},
{"product_name": "Yumi's Choice Dip Rocket & Basil Pesto With Roasted Almonds | 150g", "price": "$4.50", "unit_price": "$3.00 per 100g"},
{"product_name": "Yumi's Rocket Pesto Hommus Dip | 200g", "price": "$4.50", "unit_price": "$2.25 per 100g"},
{"product_name": "York Foods Lard | 250g", "price": "$4.50", "unit_price": "$1.80 per 100g"},
{"product_name": "Fancy Plants Chocolate Silky Pot 2x95g | 190g", "price": "$4.40", "unit_price": "$2.32 per 100g"},
{"product_name": "Primo Trios Cheesy Kabana Pretzels & Tasty Cheese Cubes | 53g", "price": "$4.25", "unit_price": "$8.02 per 100g"},
{"product_name": "Hunt And Brew Chocolate Cocoa | 400mL", "price": "$3.95", "unit_price": "$9.88 per 1L"},
{"product_name": "Australia's Own Soy Milk Barista | 1L", "price": "$3.50", "unit_price": "$3.50 per 1L"},
{"product_name": "Lurpak Butter With Crushed Garlic | 125g", "price": "$3.50", "unit_price": "$2.80 per 100g"},
{"product_name": "Arnotts Jatz & Extra Tasty Cheese | 33g", "price": "$3.20", "unit_price": "$9.70 per 100g"},
{"product_name": "Youfoodz Cinnamon Blondie Bite | 40g", "price": "$3.00", "unit_price": "$7.50 per 100g"},
{"product_name": "Coles Kitchen Chicken Noodle Soup | 300g", "price": "$3.00", "unit_price": "$1.00 per 100g"},
{"product_name": "Yogo Custard Pouch Chocolate | 120g", "price": "$1.70", "unit_price": "$1.42 per 100g"},
{"product_name": "Aeroplane Ready To Eat Strawberry Jelly | 120g", "price": "$1.50", "unit_price": "$1.25 per 100g"},
{"product_name": "Cheer Cheese Slices Colby | 750g", "price": "$14.00", "unit_price": "$18.67 per 1kg"},
{"product_name": "Jalna Yoghurt Natural | 2kg", "price": "$14.00", "unit_price": "$0.70 per 100g"},
{"product_name": "400 Gradi \"Pizza 11\" Margherita\" | 400g", "price": "$12.00", "unit_price": "$3.00 per 100g"},
{"product_name": "Youfoodz Honey Mustard Chicken With Garlic Veg | 318g", "price": "$10.95", "unit_price": "$3.44 per 100g"},
{"product_name": "Youfoodz Slow Cooked BBQ Beef And Mash Meal | 326g", "price": "$10.95", "unit_price": "$3.36 per 100g"},
{"product_name": "Coles Perform Lean Cajun Chicken Quinoa | 350g", "price": "$9.95", "unit_price": "$2.84 per 100g"},
{"product_name": "Coles Perform Chicken Stroganoff | 420g", "price": "$9.95", "unit_price": "$2.37 per 100g"},
{"product_name": "Jalna Lactose Free Yoghurt Vanilla | 1Kg", "price": "$8.80", "unit_price": "$0.88 per 100g"},
{"product_name": "Dineamic Roast Chicken Veg & Moroccan Sauce | 360g", "price": "$8.75", "unit_price": "$2.43 per 100g"},
{"product_name": "South Cape Dairy Fetta Crumbed Cheese | 200g", "price": "$8.00", "unit_price": "$40.00 per 1kg"},
{"product_name": "National Pies Pie Steak & Caramelized Onion 2 Pack | 360g", "price": "$8.00", "unit_price": "$2.22 per 100g"},
{"product_name": "Cocobella Dairy Free Mango Coconut Yoghurt | 500g", "price": "$5.00", "unit_price": "$1.00 per 100g"},
{"product_name": "Coles Meals Indian Chicken Curry With Rice | 350g", "price": "$5.00", "unit_price": "$1.43 per 100g"},
{"product_name": "Coles Meals Macaroni Cheese Bake | 350g", "price": "$5.00", "unit_price": "$1.43 per 100g"},
{"product_name": "Coles Cholesterol Lowering Spread | 500g", "price": "$5.00", "unit_price": "$1.00 per 100g"},
{"product_name": "Castello Danish Blue Cheese | 100g", "price": "$4.80", "unit_price": "$48.00 per 1kg"},
{"product_name": "Tasmanian Heritage Little Entertainers Camembert | 80g", "price": "$4.80", "unit_price": "$60.00 per 1kg"},
{"product_name": "Coles Kitchen Pumpkin Gnocchi | 500g", "price": "$4.60", "unit_price": "$0.92 per 100g"},
{"product_name": "Moira Mac's Snackers Buffalo Mini Chicken Kebabs | 90g", "price": "$4.40", "unit_price": "$48.89 per 1kg"},
{"product_name": "Primo Stackers Mild Pepperoni & Jatz | 57g", "price": "$4.25", "unit_price": "$7.46 per 100g"},
{"product_name": "Stonefire Roasted Garlic Naan 2 pack | 250g", "price": "$3.90", "unit_price": "$1.56 per 100g"},
{"product_name": "The Cheesecake Shop Citron Cheesecake Cup | 100g", "price": "$3.50", "unit_price": "$3.50 per 100g"},
{"product_name": "Loco Dairy Free Thickened Creamy | 300mL", "price": "$3.50", "unit_price": "$1.17 per 100mL"},
{"product_name": "Vitasoy Oat Milky Pet | 1L", "price": "$3.10", "unit_price": "$3.10 per 1L"},
{"product_name": "Coles Kitchen Tomato Pizza Base | 300g", "price": "$3.00", "unit_price": "$1.00 per 100g"},
{"product_name": "Jalna Greek Yoghurt Lactose Free | 170g", "price": "$2.20", "unit_price": "$1.29 per 100g"},
{"product_name": "Thomson's Deli Shaved Leg Ham | 100g", "price": "$2.10", "unit_price": "$21.00 per 1kg"},
{"product_name": "Castello Creamy Blue Cheese | 300g", "price": "$14.50", "unit_price": "$48.33 per 1kg"},
{"product_name": "First Press Cold Drip 10 Shot Coffee | 500mL", "price": "$12.70", "unit_price": "$25.40 per 1L"},
{"product_name": "Latina Lasagne with Angus Beef & Vegetables | 800g", "price": "$12.50", "unit_price": "$1.56 per 100g"},
{"product_name": "Youfoodz Fueld Beef Ragout Fettuccine | 424g", "price": "$11.95", "unit_price": "$2.82 per 100g"},
{"product_name": "Cheer Cheese Slices Extra Tasty | 500g", "price": "$11.00", "unit_price": "$22.00 per 1kg"},
{"product_name": "Youfoodz Slow Cooked Lamb With Loaded Mash | 350g", "price": "$10.95", "unit_price": "$3.13 per 100g"},
{"product_name": "Provedore Italian Style Charcuterie | 150g", "price": "$10.00", "unit_price": "$66.67 per 1kg"},
{"product_name": "Kraft Grated Parmesan Cheese Cannister | 250g", "price": "$9.00", "unit_price": "$36.00 per 1kg"},
{"product_name": "Mornington Peninsula Free Range Eggs 12 Pack | 800g", "price": "$8.20", "unit_price": "$1.03 per 100g"},
{"product_name": "National Pie Beef Pepper 2 Pack | 360g", "price": "$8.00", "unit_price": "$2.22 per 100g"},
{"product_name": "Coles Kitchen Beef Ravioli & Mushroom Sauce | 350g", "price": null, "unit_price": null},
{"product_name": "Vegie Delights Plant Based Thick BBQ Sausages | 300g", "price": "$7.50", "unit_price": "$2.50 per 100g"},
{"product_name": "Coles Kitchen Seasonal Fruit Salad Mix | 350g", "price": null, "unit_price": null},
{"product_name": "Dari's Lentil Soup | 550g", "price": "$6.85", "unit_price": "$1.25 per 100g"},
{"product_name": "Coles Kitchen Loaded Hawaiian Pizza | 455g", "price": "$6.50", "unit_price": "$1.43 per 100g"},
{"product_name": "Coles Kitchen BBQ Meat Deluxe Pizza | 470g", "price": "$6.50", "unit_price": "$1.38 per 100g"},
{"product_name": "Yumi's Mini Avocado Dip 3x65g | 195g", "price": "$4.50", "unit_price": "$2.31 per 100g"},
{"product_name": "Impressed Oat Shake Chocolate | 500mL", "price": "$4.00", "unit_price": null},
{"product_name": "Primo 25% Salt Reduced Mild Salami | 80g", "price": "$3.70", "unit_price": "$46.25 per 1kg"},
{"product_name": "Supreme Quality Foods Roti Mini | 125g", "price": "$3.50", "unit_price": "$2.80 per 100g"},
{"product_name": "Vitasoy Dairy Unsweetened Rice Milk | 1L", "price": "$3.30", "unit_price": "$3.30 per 1L"},
{"product_name": "Vitasoy Soy Yogurt Strawberry | 140g", "price": "$2.70", "unit_price": "$1.93 per 100g"},
{"product_name": "Vitasoy Almond Iced Coffee Double Espresso | 330mL", "price": "$2.50", "unit_price": "$7.58 per 1L"},
{"product_name": "Coles Tasty Cheese Bites & Mini Preztels | 40g", "price": "$2.30", "unit_price": "$5.75 per 100g"},
{"product_name": "Pauls Strawberry Custard | 70g", "price": "$1.50", "unit_price": "$2.14 per 100g"},
{"product_name": "Coles Vanilla Yoghurt | 150g", "price": "$1.20", "unit_price": "$0.80 per 100g"},
{"product_name": "Coles Perform Lean Vegetable Masala And Rice | 370g", "price": "$9.95", "unit_price": "$2.69 per 100g"},
{"product_name": "Coles Perform Chicken Penne Pasta | 450g", "price": "$9.95", "unit_price": "$2.21 per 100g"},
{"product_name": "Coles Perform Lemon & Herb Chicken | 435g", "price": "$9.95", "unit_price": "$2.29 per 100g"},
{"product_name": "Coles Perform Butter Chicken | 400g", "price": "$9.95", "unit_price": "$2.49 per 100g"},
{"product_name": "Latina Vegetarian Pasta Filled Vegetarian Cauli & Cheese | 375g", "price": "$8.00", "unit_price": "$2.13 per 100g"},
{"product_name": "Cheer Aussie Jack Cheese Slices | 250g", "price": "$8.00", "unit_price": "$32.00 per 1kg"},
{"product_name": "Coles Kitchen Chicken Korma And Rice | 350g", "price": "$8.00", "unit_price": "$2.29 per 100g"},
{"product_name": "National Pie Chicken Curried | 360g", "price": "$8.00", "unit_price": "$2.22 per 100g"},
{"product_name": "Lemnos Foods Dairy Cyprus Style Cheese Haloumi | 180g", "price": "$7.00", "unit_price": "$38.89 per 1kg"},
{"product_name": "Mainland On The Go Tasty Cheese & Crackers 4 Pack | 120g", "price": "$7.00", "unit_price": "$5.83 per 100g"},
{"product_name": "Aunty Kath's Chocolate Chip Cookie Dough | 450g", "price": "$6.90", "unit_price": "$1.53 per 100g"},
{"product_name": "Dari's Hearty Chicken Soup | 550g", "price": "$6.85", "unit_price": "$1.25 per 100g"},
{"product_name": "Coles Kitchen Scalloped Potato | 350g", "price": "$6.50", "unit_price": "$1.86 per 100g"},
{"product_name": "Montefiore Mascarpone | 250g", "price": "$6.50", "unit_price": "$26.00 per 1kg"},
{"product_name": "Latina Fresh Kids Cheese & Vegetable Mini Ravioli | 200g", "price": "$6.00", "unit_price": "$3.00 per 100g"},
{"product_name": "Primo Cafe Pork BBQ Tender Roast | 150g", "price": "$6.00", "unit_price": "$40.00 per 1kg"},
{"product_name": "Coles Dutch Gouda | 265g", "price": "$6.00", "unit_price": "$22.64 per 1kg"},
{"product_name": "South Cape Greek Style Fetta | 200g", "price": "$5.85", "unit_price": "$29.25 per 1kg"},
{"product_name": "Perfect Italiano Grated Cheese Perfect Melt | 250g", "price": "$5.80", "unit_price": "$23.20 per 1kg"},
{"product_name": "Pauls Bluey Kids UHT Chocolate Flavoured Milk 6x200mL | 6 pack", "price": "$5.80", "unit_price": "$0.48 per 100mL"},
{"product_name": "Pasta Italia Boscaiola Sauce | 450g", "price": "$7.50", "unit_price": "$1.67 per 100g"},
{"product_name": "Pasta Italia Napoletana Sauce | 450g", "price": "$7.50", "unit_price": "$1.67 per 100g"},
{"product_name": "Lean Cuisine Veg'D Up Cottage Pie | 335g", "price": "$7.00", "unit_price": "$2.09 per 100g"},
{"product_name": "Quorn Frozen Vegan Fillets | 252g", "price": "$7.00", "unit_price": "$2.78 per 100g"},
{"product_name": "Zooper Dooper Water Ice Sourz | 24 pack", "price": "$7.00", "unit_price": "$0.29 per 1ea"},
{"product_name": "Liz & Bettys Mini Pies Lamb & Rosemary | 200g", "price": "$6.90", "unit_price": "$3.45 per 100g"},
{"product_name": "Liz & Bettys Cheese Puffs Gouda Parm & Cheddar | 150g", "price": "$6.90", "unit_price": "$4.60 per 100g"},
{"product_name": "Coco Earth Roti Paratha Bread 6 Pack | 480g", "price": "$6.50", "unit_price": "$1.35 per 100g"},
{"product_name": "Bulla Murray St Caramel Maple Macadamia Ice Cream Sticks 4 pack | 400mL", "price": "$5.00", "unit_price": "$1.25 per 100mL"},
{"product_name": "Frys Meat Free Chicken Stars & Moons | 300g", "price": "$4.90", "unit_price": "$16.33 per 1kg"},
{"product_name": "Ashoka Tandoori Naan Plain | 340g", "price": "$4.50", "unit_price": "$1.32 per 100g"},
{"product_name": "KB's Cooked Garlic Prawns | 500g", "price": "$16.00", "unit_price": "$32.00 per 1kg"},
{"product_name": "Pana Organic Frozen Dessert Mint Chocolate Chip | 950mL", "price": "$15.00", "unit_price": "$1.58 per 100mL"},
{"product_name": "I&J Lemon Crumb Fish Fillets | 1kg", "price": "$15.00", "unit_price": "$15.00 per 1kg"},
{"product_name": "Connoisseur Ice Cream Jam Doughnut | 1L", "price": "$12.00", "unit_price": "$1.20 per 100mL"},
{"product_name": "Denada Sugar Free Ice Cream Raspberry Ribbon Vegan | 475mL", "price": "$12.00", "unit_price": "$2.53 per 100mL"},
{"product_name": "Foddies Gluten Free Thai Green Chicken Curry | 300g", "price": "$11.95", "unit_price": "$3.98 per 100g"},
{"product_name": "McCain Rustica Thin & Crispy Salami & Four Cheese Pizza | 335g", "price": "$11.00", "unit_price": "$3.28 per 100g"},
{"product_name": "Snackboy Macro Mike Salted Caramel Dessert | 475mL", "price": "$11.00", "unit_price": "$2.32 per 100mL"},
{"product_name": "Snackboy Loving Earth Dark Chocolate Hazelnut Dessert | 475mL", "price": "$11.00", "unit_price": "$2.32 per 100mL"},
{"product_name": "Snackboy Loving Earth White Chocolate Caramel Dessert | 475mL", "price": "$11.00", "unit_price": "$2.32 per 100mL"},
{"product_name": "KB's Chili & Lime Squid Rings | 360g", "price": "$10.50", "unit_price": "$29.17 per 1kg"},
{"product_name": "Sealord Hoki Bites Classic Crumb | 400g", "price": "$10.50", "unit_price": "$26.25 per 1kg"},
{"product_name": "Kb's Whiting Bites Classic Crumb | 300g", "price": "$10.50", "unit_price": "$35.00 per 1kg"},
{"product_name": "Sailing Seas Sweet Tamarind | 454g", "price": "$9.00", "unit_price": "$1.98 per 100g"},
{"product_name": "Twisted Licks 99% Sugar Free Sticks Vanilla Bean 4 Pack | 320mL", "price": "$9.00", "unit_price": "$2.81 per 100mL"},
{"product_name": "Magnum Ice Cream Luxe Gold Caramelised Chocolate Tub | 440mL", "price": "$8.00", "unit_price": "$1.82 per 100mL"},
{"product_name": "Magnum Ice Cream Luxe Salted Caramel Tub | 440mL", "price": "$8.00", "unit_price": "$1.82 per 100mL"},
{"product_name": "Birds Eye Cauliflower Cheese | 600g", "price": "$8.00", "unit_price": "$13.33 per 1kg"},
{"product_name": "Street Eats Cheese & Beans Quesadilla 2 Pack | 300g", "price": "$7.95", "unit_price": "$2.65 per 100g"},
{"product_name": "Pasta Italia Potato Gnocchi | 400g", "price": "$7.00", "unit_price": "$1.75 per 100g"},
{"product_name": "Pasta Italia Pancetta & Smoked Mozzarella Ravioli | 400g", "price": "$7.00", "unit_price": "$1.75 per 100g"},
{"product_name": "Liz & Bettys Cheese Puffs Parmesan & Black Truffle | 150g", "price": "$6.90", "unit_price": "$4.60 per 100g"},
{"product_name": "Coco Earth Steamed Coconut Jasmine Rice | 500g", "price": "$6.50", "unit_price": "$1.30 per 100g"},
{"product_name": "Coles Pancake Shake Mix Buttermilk | 350g", "price": "$1.80", "unit_price": "$0.51 per 100g"},
{"product_name": "Cheetos Puffs | 80g", "price": "$1.35", "unit_price": "$1.69 per 100g"},
{"product_name": "Aeroplane Mango Mania Jelly Crystals | 85g", "price": "$1.20", "unit_price": "$1.41 per 100g"},
{"product_name": "Cucina Matese Whole Peeled Tomatoes | 400g", "price": "$1.20", "unit_price": "$3.00 per 1kg"},
{"product_name": "Milky Way Chocolate Bar Whipped Nougat | 45g", "price": "$1.10", "unit_price": "$2.44 per 100g"},
{"product_name": "Coles Seaweed Rice Crackers | 100g", "price": "$0.90", "unit_price": "$0.90 per 100g"},
{"product_name": "Smith's Snack Mix Variety Multi Chips | 395g", "price": "$8.90", "unit_price": "$2.25 per 100g"},
{"product_name": "Cadbury Favourites Boxed Chocolate | 334g", "price": "$8.00", "unit_price": "$2.40 per 100g"},
{"product_name": "Hellmann's Real Mayonnaise | 400g", "price": "$7.50", "unit_price": "$1.88 per 100g"},
{"product_name": "Lotus Biscoff Smooth Spread | 400g", "price": "$7.50", "unit_price": "$1.88 per 100g"},
{"product_name": "Sanitarium Weet-Bix Cholesterol Lowering Cereal | 440g", "price": "$7.00", "unit_price": "$1.59 per 100g"},
{"product_name": "Nissin Ramen Tokyo Shoyu Noodles 5 Pack | 530g", "price": "$6.60", "unit_price": "$1.25 per 100g"},
{"product_name": "Vege Chips Deli Crisps Purple Sweet Potato | 100g", "price": "$6.50", "unit_price": "$6.50 per 100g"},
{"product_name": "Uncle Tobys Oats Quick Sachets Creamy Honey | 350g", "price": "$6.30", "unit_price": "$1.80 per 100g"},
{"product_name": "Snickers Chocolate Party Share Bag 20 pieces | 300g", "price": "$6.00", "unit_price": "$2.00 per 100g"},
{"product_name": "Coles Potato Chips Crinkle Cut Original 20 pack | 380g", "price": "$5.75", "unit_price": "$1.51 per 100g"},
{"product_name": "Old El Paso Stand N Stuff Taco Shell | 140g", "price": "$5.50", "unit_price": "$3.93 per 100g"},
{"product_name": "Cadbury Old Gold Original Dark Chocolate Block | 180g", "price": "$5.50", "unit_price": "$3.06 per 100g"},
{"product_name": "Heritage Mill Clusters Apple Crumble | 750g", "price": "$5.10", "unit_price": "$0.68 per 100g"},
{"product_name": "Extra White Soft Chew Peppermint Sugar Free Chewing Gum | 67g", "price": "$5.00", "unit_price": "$7.46 per 100g"},
{"product_name": "Spam Classic Ham | 340g", "price": "$5.00", "unit_price": "$14.71 per 1kg"},
{"product_name": "Smith's Crinkle Cut Salt & Vinegar Potato Chips 6 pack | 114g", "price": "$4.50", "unit_price": "$3.95 per 100g"},
{"product_name": "Golden Circle Pineapple Pieces in Natural Juice Canned | 440g", "price": "$4.40", "unit_price": "$10.00 per 1kg"},
{"product_name": "Praise Traditional 99% Fat Free Mayo | 410g", "price": "$4.00", "unit_price": "$0.98 per 100g"},
{"product_name": "Allen's Lollies Strawberries And Cream Lolly Bag | 190g", "price": "$4.00", "unit_price": "$2.11 per 100g"},
{"product_name": "Nestle Smarties Chocolate 11 Piece Fun Pack | 127g", "price": "$3.85", "unit_price": "$3.03 per 100g"},
{"product_name": "Coles Bi-Carb Soda | 1kg", "price": "$3.50", "unit_price": "$0.35 per 100g"},
{"product_name": "Sunbeam Sultanas Snack 6 Pack | 240g", "price": "$3.50", "unit_price": "$14.58 per 1kg"},
{"product_name": "Always Fresh Grissini Rosemary & Sea Salt Bread Sticks | 125g", "price": "$3.15", "unit_price": "$2.52 per 100g"},
{"product_name": "Peckish Gluten Free Fancies Caramelised Onion & Balsamic Vinegar Rice Crackers | 90g", "price": "$3.00", "unit_price": "$3.33 per 100g"},
{"product_name": "Cadbury Freddo Milk Chocolate Dipped Biscuits | 167g", "price": "$3.00", "unit_price": "$1.80 per 100g"},
{"product_name": "Cornwell's White Vinegar | 750mL", "price": "$3.00", "unit_price": "$0.40 per 100mL"},
{"product_name": "Coles Sliced Beetroot | 825g", "price": "$2.90", "unit_price": "$3.52 per 1kg"},
{"product_name": "Jinmailang Egg Noodle | 1kg", "price": "$2.75", "unit_price": "$2.75 per 1kg"},
{"product_name": "Doritos Thai Sweet Chilli Corn Chips | 150g", "price": "$2.40", "unit_price": "$1.60 per 100g"},
{"product_name": "Dr Pepper Cola Can | 355mL", "price": "$2.30", "unit_price": "$6.48 per 1L"},
{"product_name": "Maharajah's Choice Poha Rice Flakes | 500g", "price": "$2.20", "unit_price": "$0.44 per 100g"},
{"product_name": "Coles Organic Tomato Passata | 700g", "price": "$2.20", "unit_price": "$0.31 per 100g"},
{"product_name": "Coles Avocado Mayonnaise | 350g", "price": "$3.20", "unit_price": "$0.91 per 100g"},
{"product_name": "Coles Pepitas | 150g", "price": "$2.00", "unit_price": "$13.33 per 1kg"},
{"product_name": "Sunrice Long Grain White Rice Cup 2 pack | 250g", "price": "$1.75", "unit_price": "$0.70 per 100g"},
{"product_name": "Annalisa Peeled Tomatoes | 400g", "price": "$1.70", "unit_price": "$4.25 per 1kg"},
{"product_name": "Mentos Fruit | 37.5g", "price": "$1.60", "unit_price": "$4.27 per 100g"},
{"product_name": "Ritz Snackz Sour Cream and Onion Crackers | 100g", "price": "$1.50", "unit_price": "$1.50 per 100g"},
{"product_name": "Cheetos Cheese And Bacon Balls | 90g", "price": "$1.35", "unit_price": "$1.50 per 100g"},
{"product_name": "Coles Malted Milk Biscuit | 200g", "price": "$1.25", "unit_price": "$0.63 per 100g"},
{"product_name": "Coles Lemon Juice | 250mL", "price": "$1.00", "unit_price": "$0.04 per 10mL"},
{"product_name": "Lindt Lindor Milk Chocolate Bar | 38g", "price": "$1.00", "unit_price": "$2.63 per 100g"},
{"product_name": "Coles Kitchen Pesto And Sundried Tomato Gnocchi | 350g", "price": "$8.00", "unit_price": "$2.29 per 100g"},
{"product_name": "Coles Kitchen Beef Stroganoff And Rice | 350g", "price": "$8.00", "unit_price": "$2.29 per 100g"},
{"product_name": "Cheer Mozzarella Cheese Slices | 250g", "price": "$8.00", "unit_price": "$32.00 per 1kg"},
{"product_name": "Cracker Barrel Extra Sharp Cheese Slices | 250g", "price": "$7.45", "unit_price": "$29.80 per 1kg"},
{"product_name": "Jalna Farm To Pot Organic Yoghurt Greek | 1kg", "price": "$7.00", "unit_price": "$0.70 per 100g"},
{"product_name": "Yumis Traditional Hommus | 500g", "price": "$6.50", "unit_price": "$1.30 per 100g"},
{"product_name": "South Cape Apricot & Almond Cream Cheese | 200g", "price": "$6.50", "unit_price": "$32.50 per 1kg"},
{"product_name": "Coles Kitchen BBQ Chicken & Bacon Pizza | 460g", "price": "$6.50", "unit_price": "$1.41 per 100g"},
{"product_name": "Coles Kitchen Double Pepperoni Pizza | 420g", "price": "$6.50", "unit_price": "$1.55 per 100g"},
{"product_name": "Yoplait Classic Yoghurt 6x160g | 960g", "price": "$6.50", "unit_price": "$0.68 per 100g"},
{"product_name": "Coles Double Cream Camembert | 200g", "price": "$6.50", "unit_price": "$32.50 per 1kg"},
{"product_name": "Cadbury Dairy Milk Mousse 2x80g | 160g", "price": "$6.00", "unit_price": "$3.75 per 100g"},
{"product_name": "Devondale Salt Reduced Butter | 500g", "price": "$6.00", "unit_price": "$1.20 per 100g"},
{"product_name": "Bubble Milk Tea Original With Tapioca Pearls | 350mL", "price": "$4.50", "unit_price": "$12.86 per 1L"},
{"product_name": "Primo Stacker Mild Salami Cheese & Crackers | 50g", "price": "$4.25", "unit_price": "$8.50 per 100g"},
{"product_name": "Yoplait Le Rice Classic Vanilla Dessert 2x150g | 2 pack", "price": "$3.75", "unit_price": "$1.25 per 100g"},
{"product_name": "Don Shaved Turkey | 160g", "price": "$3.20", "unit_price": "$20.00 per 1kg"},
{"product_name": "Vitasoy Oat Yogurt Vanilla | 140g", "price": "$3.00", "unit_price": "$2.14 per 100g"},
{"product_name": "Australia's Own Oat No Added Sugar Milk | 1L", "price": "$3.00", "unit_price": "$3.00 per 1L"},
{"product_name": "Coles Hokkien Noodles | 600g", "price": "$3.00", "unit_price": "$0.50 per 100g"},
{"product_name": "Mainland Tasty Cheddar & Rosemary & Rock Salt Lavosh Crackers | 36g", "price": "$3.00", "unit_price": "$8.11 per 100g"},
{"product_name": "Philadelphia Sweet Chilli Pourover | 150g", "price": "$3.00", "unit_price": "$20.00 per 1kg"},
{"product_name": "Chobani Fit Salted Caramel Yogurt Pouch | 140g", "price": "$2.80", "unit_price": "$2.00 per 100g"},
{"product_name": "Chobani No Sugar Added Yogurt Mango Passionfruit | 150g", "price": "$2.15", "unit_price": "$1.43 per 100g"},
{"product_name": "Pureharvest Organic Long Life Oat Milk | 1L", "price": "$2.10", "unit_price": "$2.10 per 1L"},
{"product_name": "Farmers Union No Added Sugar Kids Yogurt Pouch Blueberry | 130g", "price": "$1.10", "unit_price": "$0.85 per 100g"},
{"product_name": "Coles Dairy Tasty Light Cheese Block | 1kg", "price": "$13.90", "unit_price": "$13.90 per 1kg"},
{"product_name": "Devondale Tasty Shredded Cheese | 750g", "price": "$13.50", "unit_price": "$18.00 per 1kg"},
{"product_name": "Latina Agnolotti Sweet Potato & Parmesan Filled Pasta | 625g", "price": "$11.00", "unit_price": "$1.76 per 100g"},
{"product_name": "Coles Perform Beef Ragu Bolognese | 400g", "price": "$9.95", "unit_price": "$2.49 per 100g"},
{"product_name": "Flora Margarine Spread Buttery | 1kg", "price": "$8.95", "unit_price": "$0.90 per 100g"},
{"product_name": "Latina Dy Pasta Sauce Creamy Carbonara | 700g", "price": null, "unit_price": null},
{"product_name": "YoGo Choc Rock 12 pack | 100g", "price": "$8.00", "unit_price": "$0.67 per 100g"},
{"product_name": "National Pie Beef & Cheese | 360g", "price": "$8.00", "unit_price": "$2.22 per 100g"},
{"product_name": "Pauls Vanilla Custard 6x150g | 6 pack", "price": "$7.90", "unit_price": "$8.78 per 100g"},
{"product_name": "Bega Lactose Free Grated Cheese | 250g", "price": "$7.50", "unit_price": "$30.00 per 1kg"},
{"product_name": "Coles Kitchen Lamb Rogan Josh & Rice | 350g", "price": "$7.50", "unit_price": "$2.14 per 100g"},
{"product_name": "Riverina Haloumi | 180g", "price": "$6.60", "unit_price": "$36.67 per 1kg"},
{"product_name": "South Cape Wedge Cheese Gouda | 180g", "price": "$6.50", "unit_price": "$36.11 per 1kg"},
{"product_name": "Coles Vintage Cheese Block | 250g", "price": "$6.00", "unit_price": "$24.00 per 1kg"},
{"product_name": "Coles Dairy Extra Tasty Cheese Block | 250g", "price": "$6.00", "unit_price": "$24.00 per 1kg"},
{"product_name": "Tamar Valley The Creamery Peaches & Cream | 700g", "price": "$6.00", "unit_price": "$0.86 per 100g"},
{"product_name": "Four Farms Corn Kernels | 800g", "price": "$5.00", "unit_price": "$6.25 per 1kg"},
{"product_name": "Bulla Murray Street Daintree Honey Swirl | 400mL", "price": "$5.00", "unit_price": "$1.25 per 100mL"},
{"product_name": "Birds Eye Sweet Corn Veggie Bites | 300g", "price": "$5.00", "unit_price": "$16.67 per 1kg"},
{"product_name": "Quorn Meat Free Pieces | 300g", "price": "$4.90", "unit_price": "$1.63 per 100g"},
{"product_name": "Quorn Frozen Meat Free Cheese & Spinach Schnitzels | 240g", "price": "$4.90", "unit_price": "$2.04 per 100g"},
{"product_name": "Quorn Frozen Vegan Nuggets | 280g", "price": "$4.90", "unit_price": "$1.75 per 100g"},
{"product_name": "Hershey's Ice Cream Chocolate/Strawberry | 1L", "price": "$4.50", "unit_price": "$0.45 per 100mL"},
{"product_name": "Bulla Creamy Classics Triple Choc Cone 4Pk | 520mL", "price": "$4.50", "unit_price": "$0.87 per 100mL"},
{"product_name": "Hershey's Chocolate Caramel | 1L", "price": "$4.50", "unit_price": "$0.45 per 100mL"},
{"product_name": "Birds Eye Snap Frozen Sliced Green Beans | 500g", "price": "$2.80", "unit_price": "$5.60 per 1kg"},
{"product_name": "I&J Wild Alaskan Sockeye Salmon | 500g", "price": "$35.00", "unit_price": "$70.00 per 1kg"},
{"product_name": "Grandma's Golden Wok Vegetable Gyoza | 800g", "price": "$19.80", "unit_price": "$2.48 per 100g"},
{"product_name": "I&J Original Crumb Fish Fillets | 1kg", "price": "$15.00", "unit_price": "$15.00 per 1kg"},
{"product_name": "I&J Beer Batter Wild Caught Fish Fillets | 1.03kg", "price": "$15.00", "unit_price": "$14.56 per 1kg"},
{"product_name": "Haagen Dazs Duo Vanilla Brownie & Raspberry Ice Cream Tub | 420mL", "price": "$13.50", "unit_price": "$3.21 per 100mL"},
{"product_name": "Birds Eye Frozen Mild Flavour Flathead Crumb 6 Pack | 270g", "price": "$12.60", "unit_price": "$46.67 per 1kg"},
{"product_name": "Inghams Premium Garlic Butter Chicken Kyivs | 350g", "price": "$12.50", "unit_price": "$35.72 per 1kg"},
{"product_name": "Hanabi BBQ Pork Belly Sliced | 290g", "price": "$12.00", "unit_price": "$4.14 per 100g"},
{"product_name": "Sealord Gluten Free Hoki Bites | 350g", "price": "$11.50", "unit_price": "$32.86 per 1kg"},
{"product_name": "McCain Rustica Thin & Crispy Margherita | 360g", "price": "$11.00", "unit_price": "$3.06 per 100g"},
{"product_name": "McCain Rustica Thin & Crispy Angus Beef | 370g", "price": "$11.00", "unit_price": "$2.97 per 100g"},
{"product_name": "Ben & Jerry Cookie Dough Peaces | 160mL", "price": "$11.00", "unit_price": "$6.88 per 100mL"},
{"product_name": "Streets Golden Gaytime Bites Chocolate | 279mL", "price": "$11.00", "unit_price": "$3.94 per 100mL"},
{"product_name": "KB Tempura Prawns | 300g", "price": "$10.50", "unit_price": "$35.00 per 1kg"},
{"product_name": "Surfer Boy Rad Pepperoni Pizza | 500g", "price": "$10.00", "unit_price": "$2.00 per 100g"},
{"product_name": "Surfer Boy The Gnarly Hawaiian Pizza | 530g", "price": "$10.00", "unit_price": "$1.89 per 100g"},
{"product_name": "Mrs Macs Loaded Chicken Parma Pie 2 pack | 400g", "price": "$10.00", "unit_price": "$2.50 per 100g"},
{"product_name": "Gym Bod Cookies And Cream | 475mL", "price": "$10.00", "unit_price": "$2.11 per 100mL"},
{"product_name": "Gym Bod Peanut Butter Salted Caramel | 475mL", "price": "$10.00", "unit_price": "$2.11 per 100mL"},
{"product_name": "Ben & Jerry's Non Dairy Choc Chip Cookie Dough | 458mL", "price": "$10.00", "unit_price": "$2.18 per 100mL"},
{"product_name": "Peters Drumstick Ice Cream Cua Choc Cookie 4pack | 475mL", "price": "$9.50", "unit_price": "$2.00 per 100mL"},
{"product_name": "Coles Perform Pulled Pork Burrito Bowl | 330g", "price": "$9.50", "unit_price": "$2.88 per 100g"},
{"product_name": "Coles Frozen Family Beef Pie | 600g", "price": "$9.30", "unit_price": "$1.55 per 100g"},
{"product_name": "Birds Eye Deli Lightly Seasoned Squid | 225g", "price": "$9.00", "unit_price": "$40.00 per 1kg"},
{"product_name": "Twisted Licks  99% Sugar Free Sticks Double Choc 4 Pack | 320mL", "price": "$9.00", "unit_price": "$2.81 per 100mL"},
{"product_name": "Uncle Tobys Plus Antioxidant Breakfast Cereal | 675g", "price": "$8.80", "unit_price": "$1.30 per 100g"},
{"product_name": "Skittles Fruits Chewy Lollies Party Share Bag | 200g", "price": "$5.50", "unit_price": "$2.75 per 100g"},
{"product_name": "Lee Kum Kee Panda Brand Oyster Sauce | 510g", "price": "$5.35", "unit_price": "$1.05 per 100g"},
{"product_name": "Nice & Natural Roasted Nut Bar Honeycomb | 6 pack", "price": "$5.00", "unit_price": "$0.83 per 1ea"},
{"product_name": "CC's Original Corn Chips | 175g", "price": "$4.70", "unit_price": "$2.69 per 100g"},
{"product_name": "St Dalfour Strawberry Spread | 284g", "price": "$4.50", "unit_price": "$1.58 per 100g"},
{"product_name": "Leggo's Tomato Squeezy Paste | 400g", "price": "$4.50", "unit_price": "$1.13 per 100g"},
{"product_name": "Malteser Biscuits Original | 110g", "price": "$4.50", "unit_price": "$4.09 per 100g"},
{"product_name": "Extra Strawberry Sugar Free Chewing Gum | 64g", "price": "$4.50", "unit_price": "$7.03 per 100g"},
{"product_name": "Sunbeam Sultanas | 375g", "price": "$4.50", "unit_price": "$12.00 per 1kg"},
{"product_name": "Arnott's Cruskits Rye 97% Fat Free Crispbread | 125g", "price": "$4.00", "unit_price": "$3.20 per 100g"},
{"product_name": "Julies Peanut Butter Sandwich | 180g", "price": "$3.85", "unit_price": "$2.14 per 100g"},
{"product_name": "Darrell Lea Raspberry Twists | 280g", "price": "$3.80", "unit_price": "$1.36 per 100g"},
{"product_name": "Arnott's Mini Wagon Wheels Original Biscuits | 190g", "price": "$3.50", "unit_price": "$1.84 per 100g"},
{"product_name": "Haldirams Samosa | 200g", "price": "$3.50", "unit_price": "$1.75 per 100g"},
{"product_name": "Eclipse Intense Mint Sugar Free Mints Tin | 40g", "price": "$3.50", "unit_price": "$8.75 per 100g"},
{"product_name": "Arnott's Gaiety Chocolate Biscuits | 160g", "price": "$3.50", "unit_price": "$2.19 per 100g"},
{"product_name": "Arnott's Caramel Crowns Chocolate Biscuits | 200g", "price": "$3.50", "unit_price": "$1.75 per 100g"},
{"product_name": "Edgell Australian Grown Sweet Sliced Beetroot | 425g", "price": "$2.80", "unit_price": "$6.59 per 1kg"},
{"product_name": "McKenzie's Split Red Lentils | 375g", "price": "$2.60", "unit_price": "$0.69 per 100g"},
{"product_name": "Coles Finest Belgian Dark Chocolate Block 70% | 100g", "price": "$2.50", "unit_price": "$2.50 per 100g"},
{"product_name": "Thins Potato Chips Sweet Chilli Sour Cream | 150g", "price": "$2.35", "unit_price": "$1.57 per 100g"},
{"product_name": "Obento Panko Bread Crumbs | 200g", "price": "$2.30", "unit_price": "$1.15 per 100g"},
{"product_name": "Edgell Red Kidney Beans | 400g", "price": "$2.20", "unit_price": "$5.50 per 1kg"},
{"product_name": "Arnott's Multigrain VitaWeat Crackers | 140g", "price": "$2.10", "unit_price": "$1.50 per 100g"},
{"product_name": "Mutti Polpa Finely Chopped Tomatoes With Basil | 400g", "price": "$2.10", "unit_price": "$5.25 per 1kg"},
{"product_name": "Cadbury Dream Chocolate Bar | 50g", "price": "$2.00", "unit_price": "$4.00 per 100g"},
{"product_name": "Whittaker's Creamy Milk Slab | 50g", "price": "$2.00", "unit_price": "$4.00 per 100g"},
{"product_name": "Coles Soy Sauce | 500mL", "price": "$1.90", "unit_price": "$0.38 per 100mL"},
{"product_name": "Zafarelli Spaghettini No 3 | 500g", "price": "$1.85", "unit_price": "$0.37 per 100g"},
{"product_name": "Haribo Haribo Twin Snakes Sweet & Sour | 140g", "price": "$1.75", "unit_price": "$1.25 per 100g"},
{"product_name": "Mentos Sour Berry Roll | 37.5g", "price": "$1.60", "unit_price": "$4.27 per 100g"},
{"product_name": "Napolina Chick Peas | 400g", "price": "$1.40", "unit_price": "$3.50 per 1kg"},
{"product_name": "Plumrose Leg Ham | 340g", "price": "$10.50", "unit_price": "$30.88 per 1kg"},
{"product_name": "Old El Paso Hard N Soft Taco Kit Mexican Style | 350g", "price": "$9.50", "unit_price": "$2.71 per 100g"},
{"product_name": "Cadbury Milk Chocolate Coated Almonds | 280g", "price": "$7.00", "unit_price": "$2.50 per 100g"},
{"product_name": "Kellogg's Special K Original Breakfast Cereal with Grain Based Protein | 300g", "price": "$7.00", "unit_price": "$2.33 per 100g"},
{"product_name": "Kellogg's Sultana Bran High Fibre Breakfast Cereal | 420g", "price": "$7.00", "unit_price": "$1.67 per 100g"},
{"product_name": "Kewpie Mayonnaise 50% Reduced Fat | 300g", "price": "$5.50", "unit_price": "$1.83 per 100g"},
{"product_name": "Coles Sauce Tomato | 2L", "price": "$5.30", "unit_price": "$0.27 per 100mL"},
{"product_name": "Extra White Peppermint Sugar Free Chewing Gum | 64g", "price": "$4.50", "unit_price": "$7.03 per 100g"},
{"product_name": "Vege Chips Rice Crackers Sour Cream & Chives | 75g", "price": "$4.50", "unit_price": "$6.00 per 100g"},
{"product_name": "The Honey Collective Co Pure Honey Twist & Squeeze | 375g", "price": "$4.40", "unit_price": "$1.17 per 100g"},
{"product_name": "Coles Slivered Almond | 150g", "price": "$4.35", "unit_price": "$29.00 per 1kg"},
{"product_name": "Pattu  Red Split Lentils | 1 kg", "price": "$4.15", "unit_price": "$0.42 per 100g"},
{"product_name": "Allen's Lollies Retro Party Mix Lolly Bag | 190g", "price": "$4.00", "unit_price": "$2.11 per 100g"},
{"product_name": "Coles Cocoa Powder | 375g", "price": "$4.00", "unit_price": "$1.07 per 100g"},
{"product_name": "Cheezels Cheese Snacks | 190g", "price": "$4.00", "unit_price": "$2.11 per 100g"},
{"product_name": "Loco Dairy Free Sour Creamy | 200mL", "price": "$3.00", "unit_price": "$1.50 per 100mL"},
{"product_name": "Coles Kitchen Broccoli Cauliflower & Parmesan Soup | 300g", "price": "$3.00", "unit_price": "$1.00 per 100g"},
{"product_name": "Oak Vanilla Malt Flavoured Milk | 600ml", "price": "$2.90", "unit_price": "$4.83 per 1L"},
{"product_name": "Chobani Fit Tropical Greek Yogurt | 170g", "price": "$2.80", "unit_price": "$1.65 per 100g"},
{"product_name": "Pureharvest Unsweetened Almond Milk | 1L", "price": "$2.60", "unit_price": "$2.60 per 1L"},
{"product_name": "Pauls Vanilla Custard Pouch | 140g", "price": "$2.40", "unit_price": "$1.71 per 100g"},
{"product_name": "Chobani No Sugar Added Yogurt Vanilla | 150g", "price": "$2.15", "unit_price": "$1.43 per 100g"},
{"product_name": "Coles Light Cheese & Crackers | 50g", "price": "$1.90", "unit_price": "$3.80 per 100g"},
{"product_name": "Coles Tasty Cheese & Crackers | 50g", "price": "$1.90", "unit_price": "$3.80 per 100g"},
{"product_name": "Coles Dairy Vanilla Flavour Custard | 600g", "price": "$1.80", "unit_price": "$0.30 per 100g"},
{"product_name": "Farmers Union Greek Style Passionfruit Yoghurt Pouch | 130g", "price": "$1.10", "unit_price": "$0.85 per 100g"},
{"product_name": "Cheer Tasty Cheese Block | 1kg", "price": "$14.95", "unit_price": "$14.95 per 1kg"},
{"product_name": "Jalna Sweet & Creamy Greek Yoghurt | 2kg", "price": "$13.00", "unit_price": "$0.65 per 100g"},
{"product_name": "Coles Cheese Slices 84 pack | 1kg", "price": "$12.50", "unit_price": "$12.50 per 1kg"},
{"product_name": "Flora ProActiv Margarine Spread Original | 750g", "price": "$10.80", "unit_price": "$1.44 per 100g"},
{"product_name": "Mainland Extra Tasty Cheddar Cheese Block | 500g", "price": "$10.00", "unit_price": "$20.00 per 1kg"},
{"product_name": "Danone Yopro Perform Plain Yoghurt | 700g", "price": "$8.80", "unit_price": "$1.26 per 100g"},
{"product_name": "Royal International Prosciutto Di Parma 16month | 100g", "price": "$8.50", "unit_price": "$8.50 per 100g"},
{"product_name": "Yoplait Berry Punnet Yoghurt 100g | 12 Pack", "price": "$8.00", "unit_price": "$0.67 per 100g"},
{"product_name": "Pauls Kids Chocolate Mousse 12 Pack | 600g", "price": "$8.00", "unit_price": "$1.33 per 100g"},
{"product_name": "Bega Cheese Strong & Bitey Vintage Grated | 250g", "price": "$7.50", "unit_price": "$30.00 per 1kg"},
{"product_name": "Coles Kitchen Beef Massaman Curry & Rice | 350g", "price": "$7.50", "unit_price": "$2.14 per 100g"},
{"product_name": "Mainland Organic Spreadable | 250g", "price": "$6.50", "unit_price": "$2.60 per 100g"},
{"product_name": "Coles Cypriot Halloumi With Mint | 250g", "price": "$6.50", "unit_price": "$26.00 per 1kg"},
{"product_name": "Coles Marinated Danish Fetta | 300g", "price": "$6.10", "unit_price": "$20.33 per 1kg"},
{"product_name": "La Casa Del Formaggio Cherry Bocconcini Cheese | 220g", "price": "$6.00", "unit_price": "$27.27 per 1kg"},
{"product_name": "Black Swan Hommus Dip | 500g", "price": "$6.00", "unit_price": "$1.20 per 100g"},
{"product_name": "La Casa Del Formaggio Fresh Mozzarella | 200g", "price": "$6.00", "unit_price": "$30.00 per 1kg"},
{"product_name": "Danone The Ultimate Succulent Strawberry Yoghurt 4x115g | 4 pack", "price": "$5.75", "unit_price": "$1.25 per 100g"},
{"product_name": "Tasmanian Heritage Camembert Oval | 125g", "price": "$5.00", "unit_price": "$40.00 per 1kg"},
{"product_name": "Primo Bacon Style Pieces Twin Pack | 300g", "price": "$4.80", "unit_price": "$16.00 per 1kg"},
{"product_name": "Philadelphia Sweet Chilli Pourover Dip | 250g", "price": "$4.50", "unit_price": "$1.80 per 100g"},
{"product_name": "Bubble Milk Tea Brown Sugar With Tapioca Pearls | 350mL", "price": "$4.50", "unit_price": "$12.86 per 1L"},
{"product_name": "Sanitarium So Good Chilled Original Almond Milk | 1L", "price": "$4.20", "unit_price": "$4.20 per 1L"},
{"product_name": "Philadelphia Portions Cream Cheese Light Spread | 150g", "price": "$4.00", "unit_price": "$26.67 per 1kg"},
{"product_name": "Hunt & Brew Australia Iced Coffee | 400mL", "price": "$3.95", "unit_price": "$9.88 per 1L"},
{"product_name": "Devondale Semi Skim Long Life Milk | 2L", "price": "$3.90", "unit_price": "$1.95 per 1L"},
{"product_name": "Australias Own Strawberry Kids Milk 200mL | 6 pack", "price": "$3.85", "unit_price": "$3.21 per 1L"},
{"product_name": "Black Swan Dip Roasted Garlic | 200g", "price": "$3.50", "unit_price": "$1.75 per 100g"},
{"product_name": "Dairy Farmers No Added Sugar Chocolate Flavoured Milk | 500mL", "price": "$3.50", "unit_price": "$7.00 per 1L"},
{"product_name": "Sanitarium So Good Barista Soy UHT | 1L", "price": "$3.00", "unit_price": "$3.00 per 1L"},
{"product_name": "Pauls Zymil Skim Long Life Milk | 1L", "price": "$3.00", "unit_price": "$3.00 per 1L"},
{"product_name": "Coles Kitchen Chicken & Vegetable Soup | 300g", "price": null, "unit_price": null},
{"product_name": "Dairy Farmers Thick & Creamy Yoghurt Pineapple Passionfruit | 140g", "price": "$2.60", "unit_price": "$1.86 per 100g"},
{"product_name": "Coles Kitchen Cheese & Garlic Baguette | 250g", "price": "$2.60", "unit_price": "$1.04 per 100g"},
{"product_name": "Pauls Bluey Banana Flavoured Milk | 250mL", "price": "$2.30", "unit_price": "$9.20 per 1L"},
{"product_name": "King Of Kings Gua Bao Bun | 560g", "price": "$9.30", "unit_price": "$1.66 per 100g"},
{"product_name": "Amy's Kitchen Frozen Gluten Free Vegetable Lasagne | 255g", "price": "$9.20", "unit_price": "$3.61 per 100g"},
{"product_name": "Coyo Organic Coconut Ice Cream Vanilla Bean | 500mL", "price": "$8.00", "unit_price": "$1.60 per 100mL"},
{"product_name": "Magnum Ice Cream Classic Tub | 440mL", "price": "$8.00", "unit_price": "$1.82 per 100mL"},
{"product_name": "Amy's Kitchen Frozen Gluten Free Rice Mac & Cheese Pasta | 255g", "price": "$7.90", "unit_price": "$3.10 per 100g"},
{"product_name": "KB's Kaffir Lime & Coconut Crumb Hoki Fillets | 300g", "price": "$7.50", "unit_price": "$25.00 per 1kg"},
{"product_name": "Poulings Sliced Pork | 290g", "price": "$7.50", "unit_price": "$2.59 per 100g"},
{"product_name": "Pacific West Japanese Gyoza | 700g", "price": "$7.50", "unit_price": "$1.07 per 100g"},
{"product_name": "Sealord Hoki Parmesan & Rosemary | 300g", "price": "$7.00", "unit_price": "$23.33 per 1kg"},
{"product_name": "Sara Lee Frozen  Strawberry Cheesecake | 410g", "price": "$6.80", "unit_price": "$1.66 per 100g"},
{"product_name": "Super Vegan Chilli Con Carne | 350g", "price": "$6.70", "unit_price": "$1.91 per 100g"},
{"product_name": "Birds Eye Deli Grilled Vegetables | 400g", "price": "$6.50", "unit_price": "$16.25 per 1kg"},
{"product_name": "Coles Crumbed Prawn Cutlets | 360g", "price": "$6.40", "unit_price": "$17.78 per 1kg"},
{"product_name": "On The Menu Bacon & Cheese Cottage Pie | 400g", "price": "$6.00", "unit_price": "$1.50 per 100g"},
{"product_name": "Coles Vegan Meat Free Pies 2 Pack | 400g", "price": "$6.00", "unit_price": "$1.50 per 100g"},
{"product_name": "Coles Vegan Mushroom And Lentil Pies 2 Pack | 400g", "price": "$6.00", "unit_price": "$1.50 per 100g"},
{"product_name": "Buono Mochi Ice Chocolate | 156g", "price": "$6.00", "unit_price": "$3.85 per 100g"},
{"product_name": "Creative Gourmet Frozen Coconut Chunks | 300g", "price": "$5.65", "unit_price": "$18.83 per 1kg"},
{"product_name": "Birds Eye Carrot- Cauli & Broccoli Veggie Rice | 500g", "price": "$5.50", "unit_price": "$11.00 per 1kg"},
{"product_name": "Mr Chen's BBQ Pork Buns Snack Pack | 110g", "price": "$5.00", "unit_price": "$4.55 per 100g"},
{"product_name": "McCain Frozen Healthy Choice Spinach & Ricotta Ravioli | 390g", "price": "$5.00", "unit_price": "$1.43 per 100g"},
{"product_name": "Temptation Frozen Premium Tasty Cheese & Bacon Quiches 2 pack | 280g", "price": "$5.00", "unit_price": "$1.79 per 100g"},
{"product_name": "Coles Crumbed Fish Fingers 16 Pack | 400g", "price": "$4.80", "unit_price": "$12.00 per 1kg"},
{"product_name": "Super Nature Frozen Dairy Free Super Pulses Thai Green Chicken Curry | 300g", "price": "$4.80", "unit_price": "$1.60 per 100g"},
{"product_name": "Oreo Chocolate Wafer Ice Cream Cone With Oreo Biscuit Pieces 4 pack | 475mL", "price": "$4.75", "unit_price": "$1.00 per 100mL"},
{"product_name": "On The Menu Chicken Fettucine | 260g", "price": "$4.50", "unit_price": "$1.73 per 100g"},
{"product_name": "Reese's Twin Pack Peanut Butter & Chocolate 4 Pack | 360mL", "price": "$4.50", "unit_price": "$1.25 per 100mL"},
{"product_name": "Borg's Mini Frozen Puff Pastry 10 Sheets | 400g", "price": "$3.75", "unit_price": "$0.94 per 100g"},
{"product_name": "Vadilal Arwi Colocassia Root | 312g", "price": "$2.40", "unit_price": "$0.77 per 100g"},
{"product_name": "I&J Frozen Raw Prawns Tail On | 500g", "price": "$18.00", "unit_price": "$36.00 per 1kg"},
{"product_name": "Kb's Pork Soup Dumpling | 750g", "price": "$17.00", "unit_price": "$2.27 per 100g"},
{"product_name": "KB Frozen Vegetable Gyoza | 750g", "price": "$17.00", "unit_price": "$2.27 per 100g"},
{"product_name": "Pana Organic Frozen Dessert Salted Choc & Caramel | 950mL", "price": "$15.00", "unit_price": "$1.58 per 100mL"},
{"product_name": "Hanabi Roasted Eel | 178g", "price": "$15.00", "unit_price": "$84.27 per 1kg"},
{"product_name": "KB's Sea Creature Crumbed Fish Bites | 1kg", "price": "$13.75", "unit_price": "$13.75 per 1kg"},
{"product_name": "Fropro Protein Slices Pepperoni Pizza 2 Pack | 360g", "price": "$12.95", "unit_price": "$3.60 per 100g"},
{"product_name": "Jinmailang Ramen Noodle | 1kg", "price": "$2.75", "unit_price": "$2.75 per 1kg"},
{"product_name": "John West Tempters Lemon & Cracked Pepper Tuna | 95g", "price": "$2.70", "unit_price": "$28.42 per 1kg"},
{"product_name": "Coles Squeezy Tomato Paste | 415g", "price": "$2.10", "unit_price": "$0.51 per 100g"},
{"product_name": "CSR White Sugar | 500g", "price": "$1.95", "unit_price": "$0.39 per 100g"},
{"product_name": "Haribo Goldbears | 150g", "price": "$1.75", "unit_price": "$1.17 per 100g"},
{"product_name": "Maggi 2 Minute Instant Noodles Chicken Flavour 12 Pack | 864g", "price": "$10.00", "unit_price": "$1.16 per 100g"},
{"product_name": "Top 20 Variety Potato Chips 20 pack | 375g", "price": "$8.65", "unit_price": "$2.31 per 100g"},
{"product_name": "Kettle Potato Chips Chilli | 300g", "price": "$6.50", "unit_price": "$2.17 per 100g"},
{"product_name": "Uncle Tobys Chewy Bars Choc Chip | 185g", "price": "$5.50", "unit_price": "$2.97 per 100g"},
{"product_name": "Maharajah's Choice Ginger & Garlic Paste | 1kg", "price": "$5.20", "unit_price": "$0.52 per 100g"},
{"product_name": "Goulburn Valley Peaches Slices In Natural Juice | 700g", "price": "$4.60", "unit_price": "$6.57 per 1kg"},
{"product_name": "Kellogg's Nutri Grain Vanilla Malt 25% Less Sugar 450g | 450g", "price": "$4.50", "unit_price": "$1.00 per 100g"},
{"product_name": "Majans Bhuja Crunchy Seasoned Peas | 140g", "price": "$4.50", "unit_price": "$3.21 per 100g"},
{"product_name": "Muscle Nation Custard Bar Choc Fudge Brownie | 60g", "price": "$4.50", "unit_price": "$7.50 per 100g"},
{"product_name": "Arnott's Hundreds & Thousands Biscuits | 200g", "price": "$4.00", "unit_price": "$2.00 per 100g"},
{"product_name": "Barilla Pasta Risoni  | 500g", "price": "$3.50", "unit_price": "$0.70 per 100g"},
{"product_name": "Arnott's Tiny Teddy Multipack Chocolate 8 Pack | 200g", "price": "$3.50", "unit_price": "$1.75 per 100g"},
{"product_name": "Lindt Excellence 85% Cocoa Dark Chocolate Block | 100g", "price": "$3.30", "unit_price": "$3.30 per 100g"},
{"product_name": "Pringles Original Salted Stacked Potato Chips | 53g", "price": "$2.50", "unit_price": "$4.72 per 100g"},
{"product_name": "Coles Garlic Crackers | 200g", "price": "$2.20", "unit_price": "$1.10 per 100g"},
{"product_name": "Campbell's Real Stock Chicken Stock | 500mL", "price": "$2.00", "unit_price": "$0.40 per 100mL"},
{"product_name": "Suimin Chicken Noodle Noodle Cup | 70g", "price": "$1.85", "unit_price": "$2.64 per 100g"},
{"product_name": "Eclipse Spearmint Chewy Mints Tin | 27g", "price": "$1.60", "unit_price": "$5.93 per 100g"},
{"product_name": "Coles Baked Beans | 425g", "price": "$1.50", "unit_price": "$3.53 per 1kg"},
{"product_name": "Coles Beans Butter | 420g", "price": "$1.10", "unit_price": "$2.62 per 1kg"},
{"product_name": "Nestle Milkybar White Chocolate Bar | 50g", "price": "$1.10", "unit_price": "$2.20 per 100g"},
{"product_name": "Coles Cracker Squares | 250g", "price": "$0.95", "unit_price": "$0.38 per 100g"},
{"product_name": "Robert Timms Gold Colombia Coffee Bags Strong 160g | 28 Pack", "price": "$13.50", "unit_price": "$0.48 per 1ea"},
{"product_name": "Nescafe Decaf Cappuccino Coffee Sachets | 10 pack", "price": "$7.60", "unit_price": "$0.76 per 1ea"},
{"product_name": "Nescafe Mocha Coffee Sachets | 10 pack", "price": "$7.60", "unit_price": "$0.76 per 1ea"},
{"product_name": "Kinder Tronky Biscuit Bars Multipack 5 Pack | 90g", "price": "$5.00", "unit_price": "$5.56 per 100g"},
{"product_name": "The Food Company Chopped Garlic | 375g", "price": "$5.00", "unit_price": "$0.13 per 10g"},
{"product_name": "Smith's Subway Meatball Melt Taste Icons | 150g", "price": "$4.80", "unit_price": "$3.20 per 100g"},
{"product_name": "Smith's Double Crunch Original Potato Chips | 150g", "price": "$4.80", "unit_price": "$3.20 per 100g"},
{"product_name": "Mutti Sugo Pasta Sauce Parmgiano Reg | 400g", "price": "$4.80", "unit_price": "$1.20 per 100g"},
{"product_name": "Vege Chips Natural | 100g", "price": "$4.50", "unit_price": "$4.50 per 100g"},
{"product_name": "Old El Paso Taco Sauce Mild | 200g", "price": "$4.50", "unit_price": "$2.25 per 100g"},
{"product_name": "Arnotts Salada Crispbread Sourdough | 250g", "price": "$4.00", "unit_price": "$1.60 per 100g"},
{"product_name": "Leggo's Sugo Passata Basil & Parsley | 700g", "price": "$4.00", "unit_price": "$0.57 per 100g"},
{"product_name": "Chacha Roasted Sunflower Seeds Spiced | 228g", "price": "$4.00", "unit_price": "$1.75 per 100g"},
{"product_name": "Cadbury Dairy Milk Triple Decker Mint | 178g", "price": "$3.85", "unit_price": "$2.16 per 100g"},
{"product_name": "Praise Fat Free 25% Less Sugar French Dressing | 330mL", "price": "$3.60", "unit_price": "$1.09 per 100mL"},
{"product_name": "Arnotts Teevee Snacks Biscuits Original | 175g", "price": "$3.50", "unit_price": "$2.00 per 100g"},
{"product_name": "MasterFoods Finely Crushed Garlic | 170g", "price": "$3.00", "unit_price": "$0.18 per 10g"},
{"product_name": "John West Tempters Tuna Chunks in Springwater | 95g", "price": "$2.70", "unit_price": "$28.42 per 1kg"},
{"product_name": "Old El Paso Spice Mix Fajita | 40g", "price": "$2.40", "unit_price": "$6.00 per 100g"},
{"product_name": "Fantastic Delites Rice Snacks Sea Salt & Balsamic Vinegar | 100g", "price": "$2.30", "unit_price": "$2.30 per 100g"},
{"product_name": "Coles Peach In Mango Flavoured Jelly 4 Pack | 500g", "price": "$2.20", "unit_price": "$4.40 per 1kg"},
{"product_name": "Nutty Bruce Organic Unsweetened Almond Milk | 1L", "price": "$6.00", "unit_price": "$6.00 per 1L"},
{"product_name": "Caprilac Pasteurised Goats Milk | 1L", "price": "$5.95", "unit_price": "$5.95 per 1L"},
{"product_name": "Yumi's Sesame Falafel Balls | 225g", "price": "$5.50", "unit_price": "$2.44 per 100g"},
{"product_name": "Vaalia Low Fat Passionfruit Yoghurt 4 Pack | 150g", "price": "$5.30", "unit_price": "$3.53 per 100g"},
{"product_name": "Pauls Bluey Kids UHT Full Cream Milk 6x200mL | 6 pack", "price": "$5.20", "unit_price": "$0.43 per 100mL"},
{"product_name": "Primo Gluten Free Real Diced Bacon | 200g", "price": "$5.20", "unit_price": "$26.00 per 1kg"},
{"product_name": "Coles Edam Cheese Slices | 200g", "price": "$5.00", "unit_price": "$25.00 per 1kg"},
{"product_name": "Kraft Grated Parmesan Cheese Cannister | 125g", "price": "$5.00", "unit_price": "$40.00 per 1kg"},
{"product_name": "Tasmanian Heritage Little Entertainers Double Brie | 80g", "price": "$4.80", "unit_price": "$60.00 per 1kg"},
{"product_name": "Western Star Unsalted Butter | 250g", "price": "$4.00", "unit_price": "$1.60 per 100g"},
{"product_name": "Dare Lactose Free Double Expresso Flav Milk | 500mL", "price": "$3.80", "unit_price": "$7.60 per 1L"},
{"product_name": "Chobani Caramel Sunshine Flip Yoghurt | 140g", "price": "$3.50", "unit_price": "$2.50 per 100g"},
{"product_name": "Oak Iced Coffee Flavoured Milk | 600mL", "price": "$2.90", "unit_price": "$4.83 per 1L"},
{"product_name": "Gippsland Dairy Choc Fudge Honeycomb Mix-Ins | 140g", "price": "$2.75", "unit_price": "$1.96 per 100g"},
{"product_name": "Vitasoy Iced Coffee Soy Milk | 1L", "price": "$2.40", "unit_price": "$2.40 per 1L"},
{"product_name": "Pauls Bluey Strawberry Flavoured Milk | 250mL", "price": "$2.30", "unit_price": "$9.20 per 1L"},
{"product_name": "Chobani Greek Yogurt Vanilla | 160g", "price": "$2.15", "unit_price": "$1.34 per 100g"},
{"product_name": "Chobani Greek Yogurt Lemon | 160g", "price": "$2.15", "unit_price": "$1.34 per 100g"},
{"product_name": "Jalna Pouch Of Purity Organic Strawberry Yoghurt | 100g", "price": "$1.95", "unit_price": "$1.95 per 100g"},
{"product_name": "Meredith Dairy Marinated Goats Cheese | 550g", "price": "$21.00", "unit_price": "$38.18 per 1kg"},
{"product_name": "Bare Bird BBQ Roast Chicken | 1 each", "price": null, "unit_price": null},
{"product_name": "Primo Original Twiggy Sticks | 200g", "price": "$7.90", "unit_price": "$39.50 per 1kg"},
{"product_name": "Bega Strong & Bitey Vintage Cheese Block | 250g", "price": "$7.50", "unit_price": "$30.00 per 1kg"},
{"product_name": "The Organic Milk Co Organic Cheddar Slices | 250g", "price": "$7.00", "unit_price": "$28.00 per 1kg"},
{"product_name": "South Cape Brie | 200g", "price": "$6.80", "unit_price": "$34.00 per 1kg"},
{"product_name": "Coles Havarti Cheese Slices | 200g", "price": "$5.00", "unit_price": "$25.00 per 1kg"},
{"product_name": "Coles Organic Salted Butter | 250g", "price": "$4.85", "unit_price": "$1.94 per 100g"},
{"product_name": "Don Crafted Cuts Hardwood Double Smoked Leg Ham | 100g", "price": "$4.40", "unit_price": "$44.00 per 1kg"},
{"product_name": "Hunt & Brew Brazil Iced Coffee | 400mL", "price": "$3.95", "unit_price": "$9.88 per 1L"},
{"product_name": "Dare No Added Sugar Espresso Flavoured Milk | 500mL", "price": "$3.80", "unit_price": "$7.60 per 1L"},
{"product_name": "Vitasoy Unsweetened Almond Milk | 1L", "price": "$3.80", "unit_price": "$3.80 per 1L"},
{"product_name": "Chobani Flip Yogurt Limited Edition | 140g", "price": "$3.50", "unit_price": "$2.50 per 100g"},
{"product_name": "Farmers Union Iced Coffee | 600mL", "price": "$3.50", "unit_price": "$5.83 per 1L"},
{"product_name": "Oak Lactose Free Chocolate Milk | 600mL", "price": "$2.90", "unit_price": "$4.83 per 1L"},
{"product_name": "Jalna Pouch Of Purity Organic Blueberry Yoghurt | 100g", "price": "$1.95", "unit_price": "$1.95 per 100g"},
{"product_name": "Brownes Dairy Wiggles Yoghurt Pouch Strawberry | 90g", "price": "$1.40", "unit_price": "$1.56 per 100g"},
{"product_name": "Yoplait Petit Miam Yoghurt Vanilla Apple | 70g", "price": "$0.95", "unit_price": "$1.36 per 100g"},
{"product_name": "Jalna Pot Set Creamy Vanilla Yoghurt | 1kg", "price": "$8.30", "unit_price": "$0.83 per 100g"},
{"product_name": "Yoplait Multi Flavoured Classic Yoghurt 12 x100g | 12 Pack", "price": "$8.00", "unit_price": "$0.67 per 100g"},
{"product_name": "National 2 Pack Pies Meat | 360g", "price": "$8.00", "unit_price": "$2.22 per 100g"},
{"product_name": "Chobani No Sugar Added Yogurt Vanilla Bean | 680g", "price": "$6.80", "unit_price": "$1.00 per 100g"},
{"product_name": "Sunny Queen Organic Free Range Large Eggs 6 pack | 300g", "price": "$6.50", "unit_price": "$2.17 per 100g"},
{"product_name": "Coles Dairy Vintage Cheese Slices 12 Pack | 250g", "price": "$6.00", "unit_price": "$24.00 per 1kg"},
{"product_name": "Tamar Valley The Creamery Yoghurt Strawberries & Cream | 700g", "price": "$6.00", "unit_price": "$0.86 per 100g"},
{"product_name": "Yumi's Gluten Free Curried Pumpkin & Spinach Veggie Bites | 225g", "price": "$6.00", "unit_price": "$2.67 per 100g"},
{"product_name": "Coles Super Nutty Low Sugar Granola | approx 100g", "price": "$3.50", "unit_price": "$35.00 per 1kg"},
{"product_name": "Coles Hazelnut And Cranberry Coco Granola | approx 100g", "price": "$3.50", "unit_price": "$35.00 per 1kg"},
{"product_name": "Coles Vegan Fruity Almond Coconut Granola | approx 100g", "price": "$3.50", "unit_price": "$35.00 per 1kg"},
{"product_name": "Coles Maple Pecan Toasted Muesli | approx 100g", "price": "$3.00", "unit_price": "$30.00 per 1kg"},
{"product_name": "Coles Fruit Nut And Seed Toasted Muesli | approx 100g", "price": "$3.00", "unit_price": "$30.00 per 1kg"},
{"product_name": "Scoop & Weigh Milk Choc Honeycomb Balls Bulk | approx 100g", "price": "$3.00", "unit_price": "$30.00 per 1kg"},
{"product_name": "Coles Dried Figs | approx 100g", "price": "$2.00", "unit_price": "$20.00 per 1kg"},
{"product_name": "Coles Roasted & Salted Pistachios Imported | 750g", "price": "$16.00", "unit_price": "$21.33 per 1kg"},
{"product_name": "Market Lane Natural Walnuts | 1kg", "price": "$16.00", "unit_price": "$16.00 per 1kg"},
{"product_name": "Market Lane Roasted & Salted Cashews | 1kg", "price": "$16.00", "unit_price": "$16.00 per 1kg"},
{"product_name": "Coles Jumbo Salad Tub Curried Pumpkin Cous Cous Salad | 1 each", "price": "$11.00", "unit_price": "$11.00 per 1ea"},
{"product_name": "Coles Deli Salad Jumbo Tubs Potato Egg & Bacon | 1 each", "price": "$11.00", "unit_price": "$11.00 per 1ea"},
{"product_name": "Coles Deli Salads Tub Jumbo Classic Pasta | 1 each", "price": "$10.00", "unit_price": "$10.00 per 1ea"},
{"product_name": "Coles Deli Salads Tub Jumbo Classic Potato | 1 each", "price": "$10.00", "unit_price": "$10.00 per 1ea"},
{"product_name": "Coles Heirloom Tomatoes | approx 100g", "price": null, "unit_price": null},
{"product_name": "Coles Kensington Pride Mangoes Prepacked | 4 pack", "price": "$9.90", "unit_price": "$2.48 per 1ea"},
{"product_name": "Coles Smokey BBQ Peanut & Cashews | 800g", "price": "$9.00", "unit_price": "$11.25 per 1kg"},
{"product_name": "Coles Yellow Peppers | approx 50g", "price": "$0.40", "unit_price": "$7.98 per 1kg"},
{"product_name": "Coles Mixed Nuts in Shell Prepacked | 500g", "price": null, "unit_price": null},
{"product_name": "Coles Savoury Asian Style Party Mix | 400g", "price": "$7.00", "unit_price": "$17.50 per 1kg"},
{"product_name": "Coles Organic Nectarines Medium | approx 150g", "price": "$1.05", "unit_price": "$6.99 per 1kg"},
{"product_name": "Coles Organic Red Globe Grapes | approx 800g", "price": "$5.58", "unit_price": "$6.98 per 1kg"},
{"product_name": "Market Lane Salt And Vinegar Chomp | 400g", "price": "$6.00", "unit_price": "$15.00 per 1kg"},
{"product_name": "Coles Triple Chocolate Pretzels | 250g", "price": null, "unit_price": null},
{"product_name": "Coles Cherries In Dark Chocolate | 180g", "price": "$6.00", "unit_price": "$33.34 per 1kg"},
{"product_name": "Coles Walnuts In Shell Prepacked | 500g", "price": null, "unit_price": null},
{"product_name": "Coles Mixed Nuts In Shell | 500g", "price": null, "unit_price": null},
{"product_name": "Coles Mushrooms Dried Mixed Forest | 20g", "price": "$5.00", "unit_price": "$250.00 per 1kg"},
{"product_name": "Coles R2E2 Mangoes | 1 each", "price": "$4.50", "unit_price": "$4.50 per 1ea"},
{"product_name": "Coles Organic Grey Pumpkin | approx 1kg", "price": "$4.00", "unit_price": "$4.00 per 1kg"},
{"product_name": "Gourmet Garden Lightly Dried Herb Oregano | 5g", "price": "$4.00", "unit_price": "$8.00 per 10g"},
{"product_name": "Coles Baby Rocket Salad Leaf Prepacked | 120g", "price": "$3.99", "unit_price": "$33.25 per 1kg"},
{"product_name": "Perfection Fresh Rockmelon Pieces | 500g", "price": "$3.98", "unit_price": "$7.96 per 1kg"},
{"product_name": "Fresh Living Herbs Chives | 1 each", "price": "$3.98", "unit_price": "$3.98 per 1ea"},
{"product_name": "Coles Marjoram Sleeved | 1 bunch", "price": null, "unit_price": null},
{"product_name": "Coles Deli Snack Greek Salad | 1 each", "price": "$3.00", "unit_price": "$3.00 per 1ea"},
{"product_name": "Coles Salad Snack Tubs Potato Egg & Bacon | 1 each", "price": "$3.00", "unit_price": "$3.00 per 1ea"},
{"product_name": "Coles Deli Salad Tubs Snack Quinoa Tabouleah Salad | 1 each", "price": "$3.00", "unit_price": "$3.00 per 1ea"},
{"product_name": "Coles Bean Shoots Prepacked | 350g", "price": "$2.90", "unit_price": "$8.29 per 1kg"},
{"product_name": "Coles Deli Salads Tub Snack Classic Potato | 1 each", "price": "$2.00", "unit_price": "$2.00 per 1ea"},
{"product_name": "Coles Witlof Prepacked | 250g", "price": null, "unit_price": null},
{"product_name": "Coles Red Cabbage Quarter | 1 each", "price": "$1.42", "unit_price": "$1.42 per 1ea"},
{"product_name": "Coles Choc Caramel Fudge Balls | approx 100g", "price": "$3.00", "unit_price": "$30.00 per 1kg"},
{"product_name": "Coles Poblano Green Chillies loose | approx 50g", "price": "$1.50", "unit_price": "$30.00 per 1kg"},
{"product_name": "Coles White Quinoa | approx 100g", "price": null, "unit_price": null},
{"product_name": "Market Lane Topper Savoury | 810g", "price": "$15.00", "unit_price": "$18.52 per 1kg"},
{"product_name": "Coles Deli Jumbo Greek Salad Tub | 1 each", "price": "$11.00", "unit_price": "$11.00 per 1ea"},
{"product_name": "Nature's Kitchen Vegetable Gyozas | 300g", "price": "$7.20", "unit_price": "$2.40 per 100g"},
{"product_name": "Squid Games BBQ Chicken Shapes 9 Pack | 225g", "price": "$7.00", "unit_price": "$3.11 per 100g"},
{"product_name": "Coles Finest Truffled Potato Croquettes | 200g", "price": "$7.00", "unit_price": "$3.50 per 100g"},
{"product_name": "I&J Beer Battered Fish Fillets | 425g", "price": "$7.00", "unit_price": "$16.47 per 1kg"},
{"product_name": "Halo Top Oat Milk Triple Chocolate Cake | 473mL", "price": "$7.00", "unit_price": "$1.48 per 100mL"},
{"product_name": "Weight Watchers Frozen Creamy Tuna Bake Meal | 320g", "price": "$6.50", "unit_price": "$2.03 per 100g"},
{"product_name": "Birds Eye Plant Based Chicken Strips | 200g", "price": "$6.50", "unit_price": "$3.25 per 100g"},
{"product_name": "Birds Eye Frozen Steamfresh Potato Mash With Butter | 400g", "price": "$6.50", "unit_price": "$16.25 per 1kg"},
{"product_name": "Dr Oetker Ristorante Vegetale Pizza | 385g", "price": "$6.00", "unit_price": "$1.56 per 100g"},
{"product_name": "Coles Southern Style Chicken Pops | 400g", "price": "$6.00", "unit_price": "$15.00 per 1kg"},
{"product_name": "On The Menu Roast Beef Plated Meal | 320g", "price": "$5.60", "unit_price": "$1.75 per 100g"},
{"product_name": "Lean Cuisine Indian Butter Chicken | 375g", "price": "$5.60", "unit_price": "$1.49 per 100g"},
{"product_name": "On The Menu Beef Rissoles Plated Meals | 320g", "price": "$5.60", "unit_price": "$1.75 per 100g"},
{"product_name": "McCain Frozen Garlic Pizza 2 Pack | 320g", "price": "$5.00", "unit_price": "$1.56 per 100g"},
{"product_name": "Mr Chen's Prawn Hargow Snack Pack | 126g", "price": "$5.00", "unit_price": "$3.97 per 100g"},
{"product_name": "Bulla Creamy Classics Mint Choc Chip Ice Cream Tub | 2L", "price": "$5.00", "unit_price": "$0.25 per 100mL"},
{"product_name": "Birds Eye Snap Frozen Broccoli Florets | 500g", "price": "$4.50", "unit_price": "$9.00 per 1kg"},
{"product_name": "On The Menu Frozen Cheese Burger | 161g", "price": "$4.50", "unit_price": "$2.80 per 100g"},
{"product_name": "Coles Frozen Fish Fillet Lemon Flavoured Crumb | 425g", "price": "$4.40", "unit_price": "$10.35 per 1kg"},
{"product_name": "Coles Chocolate Bavarian | 450g", "price": "$4.30", "unit_price": "$0.96 per 100g"},
{"product_name": "Golden Wok Diana Chan Honey Soy Chicken Dumplings | 230g", "price": "$4.25", "unit_price": "$1.85 per 100g"},
{"product_name": "Bulla Splits Raspberry Ice Cream Sticks 10 pack | 750mL", "price": "$4.00", "unit_price": "$0.53 per 100mL"},
{"product_name": "Annabel Karmel Meals Mac Cheese | 200g", "price": "$3.90", "unit_price": "$1.95 per 100g"},
{"product_name": "Annabel Karmel Butter Chicken | 200g", "price": "$3.90", "unit_price": "$1.95 per 100g"},
{"product_name": "Mai Hong Frozen Spring Roll Pastry Sheets 20 pack | 250g", "price": "$3.30", "unit_price": "$1.32 per 100g"},
{"product_name": "Grandmas Golden Wok Gyozas Prawn | 800g", "price": "$19.80", "unit_price": "$2.48 per 100g"},
{"product_name": "Magnum Chocolate Classic Remix Ice Cream 4 Pack | 360mL", "price": "$10.50", "unit_price": "$2.92 per 100mL"},
{"product_name": "Steggles Frozen Sweet Chilli Chicken Breast Tenders | 400g", "price": "$10.50", "unit_price": "$26.25 per 1kg"},
{"product_name": "McCain Pub Size Double Meat Bacon Carbonara | 500g", "price": "$10.00", "unit_price": "$2.00 per 100g"},
{"product_name": "McCain Pub Size Loaded Parma BBQ Meatlovers | 480g", "price": "$10.00", "unit_price": "$2.08 per 100g"},
{"product_name": "Family Fave's Chicken Space Shapes | 1kg", "price": "$10.00", "unit_price": "$10.00 per 1kg"},
{"product_name": "Coles Perform Balanced Pesto Chicken Pasta | 330g", "price": "$9.50", "unit_price": "$2.88 per 100g"},
{"product_name": "Patties Lorraine Quiche Party 12Pack | 550g", "price": "$9.50", "unit_price": "$1.73 per 100g"},
{"product_name": "Coles Perform Creamy Mac & Cheese | 330g", "price": "$9.50", "unit_price": "$2.88 per 100g"},
{"product_name": "Birds Eye Frozen Fish Fillets With Lemon Crumb Oven Bake 6 pack | 425g", "price": "$8.00", "unit_price": "$18.82 per 1kg"},
{"product_name": "Birds Eye Frozen Fish Fillets With Herb & Garlic Crumb Oven Bake 6 pack | 425g", "price": "$8.00", "unit_price": "$18.82 per 1kg"},
{"product_name": "Old El Paso Taco Shells 12 Pack | 156g", "price": "$4.50", "unit_price": "$2.88 per 100g"},
{"product_name": "Sanitarium Weet Bix Breakfast Cereal | 575g", "price": "$4.40", "unit_price": "$0.77 per 100g"},
{"product_name": "Allen's Lollies Party Dawgs | 170g", "price": "$4.00", "unit_price": "$2.35 per 100g"},
{"product_name": "Pringles Minis Multi Pack Original 5 Pack | 95g", "price": "$4.00", "unit_price": "$4.21 per 100g"},
{"product_name": "Coles Sunflower Oil | 750mL", "price": "$3.95", "unit_price": "$0.53 per 100mL"},
{"product_name": "Darrell Lea Big Orange Chocolate Mega Balls | 168g", "price": "$3.80", "unit_price": "$2.26 per 100g"},
{"product_name": "Butterfingers Macadamia Shortbread | 175g", "price": "$3.70", "unit_price": "$2.11 per 100g"},
{"product_name": "Leggo's Tomato Paste 2 Pack | 280g", "price": "$3.50", "unit_price": "$1.25 per 100g"},
{"product_name": "Nestle Carnation Full Cream Evaporated Milk | 340mL", "price": "$3.00", "unit_price": "$8.82 per 1L"},
{"product_name": "Coles Breadsticks Crackers With Sesame Seeds | 125g", "price": "$2.50", "unit_price": "$2.00 per 100g"},
{"product_name": "X-Treme Candy Sour Straps Strawberry | 160g", "price": "$2.40", "unit_price": "$1.50 per 100g"},
{"product_name": "CSR Brown Sugar | 500g", "price": "$2.25", "unit_price": "$0.45 per 100g"},
{"product_name": "Aeroplane Strawberry Jelly Crystals | 85g", "price": "$1.20", "unit_price": "$1.41 per 100g"},
{"product_name": "Kellogg's Coco Pops Chocolatey Breakfast Cereal | 375g", "price": "$7.00", "unit_price": "$1.87 per 100g"},
{"product_name": "Ottogi Jin Ramen Spicy 5x120g | 600g", "price": "$5.95", "unit_price": "$0.99 per 100g"},
{"product_name": "Barilla Bolognese Pasta Sauce | 400g", "price": "$4.60", "unit_price": "$1.15 per 100g"},
{"product_name": "Sirena Tuna in Oil Italian Style | 185g", "price": "$3.70", "unit_price": "$20.00 per 1kg"},
{"product_name": "Hanami Original Prawn Cracker | 100g", "price": "$3.00", "unit_price": "$3.00 per 100g"},
{"product_name": "Cottees Raspberry Jam | 375g", "price": "$2.80", "unit_price": "$0.75 per 100g"},
{"product_name": "Coles Brown Rice | 1 kg", "price": "$2.50", "unit_price": "$0.25 per 100g"},
{"product_name": "Coles Two Fruits In Strawberry Jelly 4 Pack | 500g", "price": "$2.20", "unit_price": "$4.40 per 1kg"},
{"product_name": "Coles Asia Hokkien Ready to Eat Noodles 2 Pack | 400g", "price": "$1.85", "unit_price": "$0.46 per 100g"},
{"product_name": "Peckish Rice Crackers Salt Vinegar | 90g", "price": "$1.50", "unit_price": "$1.67 per 100g"},
{"product_name": "Oreo Creme Biscuits Double Stuff | 131g", "price": "$1.25", "unit_price": "$0.95 per 100g"},
{"product_name": "Bega Dairylea Cheddar Cheese Block | 500g", "price": "$7.90", "unit_price": "$15.80 per 1kg"},
{"product_name": "Mars Chocolate Party Share Bag 20 Piece | 320g", "price": "$6.00", "unit_price": "$1.88 per 100g"},
{"product_name": "Uncle Tobys Quick Oats Porridge | 1kg", "price": "$5.80", "unit_price": "$0.58 per 100g"},
{"product_name": "Coles Traditional Mayonnaise | 470g", "price": "$4.00", "unit_price": "$0.85 per 100g"},
{"product_name": "Arnotts Teevee Snacks Biscuits Malt Sticks | 175g", "price": "$3.50", "unit_price": "$2.00 per 100g"},
{"product_name": "Arnott's Tim Tam Chewy Caramel Chocolate Biscuits | 175g", "price": "$3.50", "unit_price": "$2.00 per 100g"},
{"product_name": "Mission Extreme Cheese Tortilla Triangles Corn Chips | 230g", "price": "$3.50", "unit_price": "$1.52 per 100g"},
{"product_name": "Coles Hazelnut Smooth Spread | 400g", "price": "$3.50", "unit_price": "$0.88 per 100g"},
{"product_name": "Coles Toasted Original Muesli | 750g", "price": "$3.10", "unit_price": "$0.41 per 100g"},
{"product_name": "Coles Pepitas | 250g", "price": "$3.00", "unit_price": "$12.00 per 1kg"},
{"product_name": "M&Ms Peanut Milk Chocolate Snack & Share Bag | 180g", "price": "$2.75", "unit_price": "$1.53 per 100g"},
{"product_name": "Coles Popcorn 10 Pack | 200g", "price": "$2.75", "unit_price": "$1.38 per 100g"},
{"product_name": "Cucina Matese Ita Pasta Fettuccine | 500g", "price": "$2.60", "unit_price": "$0.52 per 100g"},
{"product_name": "Coles Diced Peaches in Syrup 4 Pack | 480g", "price": "$2.20", "unit_price": "$4.58 per 1kg"},
{"product_name": "Cadbury Dream Oreo Chocolate Bar | 45g", "price": "$2.00", "unit_price": "$4.44 per 100g"},
{"product_name": "Coles Creamed Corn | 420g", "price": "$1.50", "unit_price": "$3.57 per 1kg"},
{"product_name": "Coles Durum Wheat Pasta Shells Large | 500g", "price": "$1.00", "unit_price": "$0.20 per 100g"},
{"product_name": "Twinings Pure Peppermint Infusions Tea Bags | 160g", "price": "$13.50", "unit_price": "$0.17 per 1ea"},
{"product_name": "La Espanola Extra Virgin Olive Oil | 500mL", "price": "$7.00", "unit_price": "$1.40 per 100mL"},
{"product_name": "Kewpie Mayonnaise | 500g", "price": "$6.60", "unit_price": "$1.32 per 100g"},
{"product_name": "Wellness Road Black Chia Seeds | 300g", "price": "$5.50", "unit_price": "$1.83 per 100g"},
{"product_name": "Nice & Natural Chocolate Peanut Apricot Bars 6 Pack | 180g", "price": "$5.00", "unit_price": "$2.78 per 100g"},
{"product_name": "Pringles Minis Sour Cream & Onion Potato Chips 5 pack | 95g", "price": "$4.00", "unit_price": "$4.21 per 100g"},
{"product_name": "Praise Traditional Mayonnaise | 490g", "price": "$3.50", "unit_price": "$0.71 per 100g"},
{"product_name": "Coles Vol Au Vent 4 Pack | 108g", "price": "$5.85", "unit_price": "$5.42 per 100g"},
{"product_name": "We Love Cake Lemon Slices 4 Pack | 120g", "price": "$5.75", "unit_price": "$4.79 per 100g"},
{"product_name": "Coles Festive Apricot & Peach Pies 6 pack | 360g", "price": "$5.00", "unit_price": "$1.39 per 100g"},
{"product_name": "Mission Mini Sliders 5 pack | 240g", "price": "$4.50", "unit_price": "$1.88 per 100g"},
{"product_name": "Genius White Rolls | 2 pack", "price": "$4.00", "unit_price": "$2.00 per 1ea"},
{"product_name": "Coles Tart Shells | 6 pack", "price": "$4.00", "unit_price": "$0.67 per 1ea"},
{"product_name": "Breadtop Signature Burger Bun | 2 Pack", "price": "$2.75", "unit_price": "$1.38 per 1ea"},
{"product_name": "Coles Pavlova | 1 pack", "price": "$9.20", "unit_price": "$9.20 per 1ea"},
{"product_name": "Abbott's Village Bakery Gluten Free Sourdough Grain And Seeds | 500g", "price": "$8.30", "unit_price": "$1.66 per 100g"},
{"product_name": "We Love Cake Lemon Tarts | 2 pack", "price": "$7.50", "unit_price": "$3.75 per 1ea"},
{"product_name": "Simson's Pantry Low Carb Garlic & Herb + Protein | 420g", "price": "$6.50", "unit_price": "$1.55 per 100g"},
{"product_name": "Mr Kipling Unicorn Fancies 8 Pack | 205g", "price": "$6.50", "unit_price": "$3.17 per 100g"},
{"product_name": "Mr Kipling French Fancies Selection Cakes 8 Pack | 205g", "price": "$6.50", "unit_price": "$3.17 per 100g"},
{"product_name": "Coles Banana Caramel Muffins 2 Pack | 250g", "price": "$5.95", "unit_price": "$2.38 per 100g"},
{"product_name": "Coles Gluten Free Bagels 4 Pack | 240g", "price": "$5.20", "unit_price": "$2.17 per 100g"},
{"product_name": "Genius Stone Baked Pita Breads | 3 pack", "price": "$5.00", "unit_price": "$1.67 per 1ea"},
{"product_name": "Coles Natures Kitchen Carrot Cake | 450g", "price": "$9.00", "unit_price": "$2.00 per 100g"},
{"product_name": "Genius Gluten Free Wraps | 4 pack", "price": "$6.90", "unit_price": "$1.73 per 1ea"},
{"product_name": "Coles Dream Crumb True Lemon Meringue Cupcake 2 Pack | 280g", "price": "$6.50", "unit_price": "$2.32 per 100g"},
{"product_name": "Old Time Bakery Gluten Free Lebanese Bread | 280g", "price": "$6.50", "unit_price": "$2.32 per 100g"},
{"product_name": "Coles Caramel Mud Cake | 600g", "price": "$6.40", "unit_price": "$1.07 per 100g"},
{"product_name": "Coles Mixed Berry & Coconut Loaf | 500g", "price": "$5.60", "unit_price": "$1.12 per 100g"},
{"product_name": "Mission Mini Wrap Wholegrain 8 pack | 384g", "price": "$5.50", "unit_price": "$1.43 per 100g"},
{"product_name": "Toscano Pinsa Style Pizza Base | 230g", "price": "$4.50", "unit_price": "$1.96 per 100g"},
{"product_name": "Coles Rainbow Cake | 1.4kg", "price": "$31.00", "unit_price": "$2.21 per 100g"},
{"product_name": "Dreams Crumb True Mixed Brookies | 4 pack", "price": "$12.00", "unit_price": "$3.00 per 1ea"},
{"product_name": "Cadbury Mixed Cupcakes 6pack | 270g", "price": "$10.00", "unit_price": "$3.70 per 100g"},
{"product_name": "Alpine Spelt & Barley | 640g", "price": "$6.80", "unit_price": "$1.06 per 100g"},
{"product_name": "We Love Cake Raspberry Ripple Slices 4 Pack | 118g", "price": "$5.75", "unit_price": "$4.87 per 100g"},
{"product_name": "Coles 70% Lower Carb Wraps White 5 Pack | 210g", "price": "$5.50", "unit_price": "$2.62 per 100g"},
{"product_name": "Coles I'M Free From Focaccia | 250g", "price": "$5.20", "unit_price": "$2.08 per 100g"},
{"product_name": "Helga's Prebiotic Ancient Grains Seed Loaf | 700g", "price": "$4.50", "unit_price": "$0.64 per 100g"},
{"product_name": "Coles Natures Kitchen Vegan Chocolate Cupcake 2 Pack | 130g", "price": "$4.00", "unit_price": "$3.08 per 100g"},
{"product_name": "Simson's Pantry Garlic & Herb Mini Naans 5 pack | 225g", "price": "$3.50", "unit_price": "$1.56 per 100g"},
{"product_name": "Coles Gluten Free Brioche Style Rolls 2 Pack | 140g", "price": "$3.50", "unit_price": "$2.50 per 100g"},
{"product_name": "Coles Mini Dessert Selection | 20 pack", "price": "$22.00", "unit_price": "$3.14 per 100g"},
{"product_name": "Herman Brot Low Carb Bread | 600g", "price": "$7.50", "unit_price": "$1.25 per 100g"},
{"product_name": "Vitality Spelt Wholemeal Chia | 580g", "price": "$7.00", "unit_price": "$1.21 per 100g"},
{"product_name": "Coles Dreams Crumb True Chocolate & Caramel Cupcakes 2 Pack | 310g", "price": "$6.50", "unit_price": "$2.10 per 100g"},
{"product_name": "Coles Raspberry And White Chocolate Muffins 2 Pack | 220g", "price": "$5.95", "unit_price": "$2.70 per 100g"},
{"product_name": "Mission Whole Wheat Mini Wraps 8 pack | 384g", "price": "$5.50", "unit_price": "$1.43 per 100g"},
{"product_name": "Abe's Bagels Brioche 4 Pack | 360g", "price": "$5.50", "unit_price": "$1.53 per 100g"},
{"product_name": "Coles Christmas Pudding Large | 700g", "price": "$5.50", "unit_price": "$0.79 per 100g"},
{"product_name": "Simson's Pantry Premium Mini Pizza Bases Garlic And Herb 6 Pack | 240g", "price": "$4.50", "unit_price": "$1.88 per 100g"},
{"product_name": "Helga's Prebiotic Wholemeal Barley Loaf | 700g", "price": "$4.50", "unit_price": "$0.64 per 100g"},
{"product_name": "Thomson's Deli Streaky Bacon | 200g", "price": "$5.00", "unit_price": "$25.00 per 1kg"},
{"product_name": "Activia Low Fat Strawberry Yoghurt 4x125g | 500g", "price": "$4.50", "unit_price": "$0.90 per 100g"},
{"product_name": "Australia's Own Almond Barista Milk | 1L", "price": "$4.50", "unit_price": "$4.50 per 1L"},
{"product_name": "Antoniou Filo Pastry Chilled | 375g", "price": "$4.50", "unit_price": "$1.20 per 100g"},
{"product_name": "Coles Tasty Cheese & Crackers 4 Pack | 120g", "price": "$4.40", "unit_price": "$3.67 per 100g"},
{"product_name": "Pauls Vanilla Custard | 600g", "price": "$4.30", "unit_price": "$0.72 per 100g"},
{"product_name": "Primo Gluten Free Thinly Sliced Pastrami Beef | 80g", "price": "$3.70", "unit_price": "$46.25 per 1kg"},
{"product_name": "Coles Spreadable Light Cream Cheese Tub | 250g", "price": "$3.10", "unit_price": "$12.40 per 1kg"},
{"product_name": "Danone Yopro Banana Yoghurt | 160g", "price": "$3.00", "unit_price": "$1.88 per 100g"},
{"product_name": "Gippsland Dairy Cookies & Cream Mix-Ins | 140g", "price": "$2.75", "unit_price": "$1.96 per 100g"},
{"product_name": "Dairy Farmers Thick & Creamy Classic Vanilla Yoghurt | 150g", "price": "$2.60", "unit_price": "$1.73 per 100g"},
{"product_name": "Vitasoy Soy Milky Lite Long Life Milk 1L | 1L", "price": "$2.45", "unit_price": "$2.45 per 1L"},
{"product_name": "Gippsland Dairy Boysenberry Twist Yoghurt | 160g", "price": "$2.40", "unit_price": "$1.50 per 100g"},
{"product_name": "Latina Fresh Italian Tomato & Garlic Pasta Sauce | 425g", "price": "$7.50", "unit_price": "$1.76 per 100g"},
{"product_name": "Don Dairy Strasburg Knob | 500g", "price": "$7.45", "unit_price": "$14.90 per 1kg"},
{"product_name": "Don Cocktail Franks Skinless | 600g", "price": "$6.90", "unit_price": "$11.50 per 1kg"},
{"product_name": "Dairy Farmers Thick & Creamy Caramelised Fig Yoghurt | 600g", "price": "$5.50", "unit_price": "$0.92 per 100g"},
{"product_name": "Pauls Vanilla Custard | 1kg", "price": "$4.40", "unit_price": "$0.44 per 100g"},
{"product_name": "Coles Finest Vintage British Cheddar | 200g", "price": "$4.25", "unit_price": "$21.25 per 1kg"},
{"product_name": "Primo Pepperoni Hot Salami | 80g", "price": "$3.70", "unit_price": "$46.25 per 1kg"},
{"product_name": "Big M Iced Coffee Flavoured Milk | 600mL", "price": "$3.50", "unit_price": "$5.83 per 1L"},
{"product_name": "Vitasoy Almond Milky | 1L", "price": "$3.00", "unit_price": "$3.00 per 1L"},
{"product_name": "Ice Break Iced Coffee Lactose Free | 500mL", "price": "$2.90", "unit_price": "$5.80 per 1L"},
{"product_name": "Tamar Valley The Creamery Yoghurt Mangoes & Cream | 170g", "price": "$2.90", "unit_price": "$1.71 per 100g"},
{"product_name": "Chobani Greek Yogurt Pouch Vanilla | 140g", "price": "$2.15", "unit_price": "$1.54 per 100g"},
{"product_name": "Coles Organic Soy Milk | 1L", "price": "$1.60", "unit_price": "$1.60 per 1L"},
{"product_name": "Coles Deli Fetta Cheese | approx 100g", "price": "$2.25", "unit_price": "$22.50 per 1kg"},
{"product_name": "Jalna Pot Set Fat Free Natural Yoghurt | 1kg", "price": "$8.30", "unit_price": "$0.83 per 100g"},
{"product_name": "Devondale Regular Butter Blend | 500g", "price": "$6.00", "unit_price": "$1.20 per 100g"},
{"product_name": "Tamar Valley The Creamery Yoghurt Blueberries & Cream | 700g", "price": "$6.00", "unit_price": "$0.86 per 100g"},
{"product_name": "Yumi's Classic Falafel Balls | 225g", "price": "$5.50", "unit_price": "$2.44 per 100g"},
{"product_name": "Yumi's Smokey Chipotle Hommus Dip | 200g", "price": "$4.50", "unit_price": "$2.25 per 100g"},
{"product_name": "Danone YoPro Passionfruit Yoghurt | 160g", "price": "$3.00", "unit_price": "$1.88 per 100g"},
{"product_name": "Tamar Valley The Creamery Yoghurt Strawberries & Cream | 170g", "price": "$2.90", "unit_price": "$1.71 per 100g"},
{"product_name": "Chobani Fit Vanilla Yoghurt Pot | 170g", "price": "$2.80", "unit_price": "$1.65 per 100g"},
{"product_name": "Nestle Milo Energy Dairy Snack | 150g", "price": "$2.50", "unit_price": "$1.67 per 100g"},
{"product_name": "Sanitarium So Good Long Life Lite Soy Milk 1L | 1L", "price": "$2.20", "unit_price": "$2.20 per 1L"},
{"product_name": "Bega Dairy Tasty Grated Cheese | 500g", "price": "$9.50", "unit_price": "$19.00 per 1kg"},
{"product_name": "Perfect Italiano Perfect Bakes | 450g", "price": "$9.50", "unit_price": "$21.11 per 1kg"},
{"product_name": "Perfect Italiano Extra Sharp Parmesan | 200g", "price": "$7.50", "unit_price": "$37.50 per 1kg"},
{"product_name": "Bega Tasty Cheese Grated | 250g", "price": "$7.50", "unit_price": "$30.00 per 1kg"},
{"product_name": "Castello Blue Cheese | 150g", "price": "$7.50", "unit_price": "$50.00 per 1kg"},
{"product_name": "Obela Hommus Garnished Zesty Jalapeno | 220g", "price": "$5.50", "unit_price": "$2.50 per 100g"},
{"product_name": "Rokeby Farms Probiotic Filmjolk Blueberry Yoghurt | 750g", "price": "$5.00", "unit_price": "$0.67 per 100g"},
{"product_name": "Primo Hot Hungarian Salami | 80g", "price": "$3.70", "unit_price": "$46.25 per 1kg"},
{"product_name": "Sanitarium So Good Almond Vanilla Long Life Milk | 1L", "price": "$3.20", "unit_price": "$3.20 per 1L"},
{"product_name": "Danone YoPro Strawberry Yoghurt | 160g", "price": "$3.00", "unit_price": "$1.88 per 100g"},
{"product_name": "Tamar Valley Kids Greek Vanilla Yoghurt Pouch | 110g", "price": "$2.40", "unit_price": "$2.18 per 100g"},
{"product_name": "Coles Kitchen Classic Vegetable Stir Fry | 750g", "price": "$6.50", "unit_price": "$8.67 per 1kg"},
{"product_name": "Coles Bananas Red Tipped | approx 180g", "price": "$0.99", "unit_price": "$5.50 per 1kg"},
{"product_name": "Coles Kitchen Chilli Lime Crunchy Noodle Salad Kit | 350g", "price": "$5.50", "unit_price": "$15.71 per 1kg"},
{"product_name": "Coles Organic Baby Beetroot | 250g", "price": "$5.00", "unit_price": "$20.00 per 1kg"},
{"product_name": "Coles Herb Punnets Sage | 10g", "price": "$3.20", "unit_price": "$3.20 per 10g"},
{"product_name": "Coles Summer Delight | approx 100g", "price": "$2.20", "unit_price": "$22.00 per 1kg"},
{"product_name": "Coles Kitchen Classic Potato Salad | 400g", "price": "$5.80", "unit_price": "$14.50 per 1kg"},
{"product_name": "Coles Kitchen Classics Mixed Leaf Garden Salad | 180g", "price": "$5.50", "unit_price": "$30.56 per 1kg"},
{"product_name": "Gourmet Garden Lightly Dried Parsley Prepacked | 8g", "price": "$4.00", "unit_price": "$5.00 per 10g"},
{"product_name": "Coles Supreme Roasted Salted Mixed Nuts | approx 100g", "price": "$3.10", "unit_price": "$31.00 per 1kg"},
{"product_name": "Coles Kitchen French Style Dressing Salad Kit | 300g", "price": "$2.25", "unit_price": "$7.50 per 1kg"},
{"product_name": "Coles Dried Tropical Fruit Mix | approx 100g", "price": "$3.00", "unit_price": "$30.00 per 1kg"},
{"product_name": "Coles Sugared Giant Strawberries | approx 100g", "price": "$2.50", "unit_price": "$25.00 per 1kg"},
{"product_name": "Coles Honey & Dijon Soy Crisps | approx 100g", "price": "$1.80", "unit_price": "$18.00 per 1kg"},
{"product_name": "Coles Sugar Snap Peas Loose | approx 200g", "price": "$3.40", "unit_price": "$17.00 per 1kg"},
{"product_name": "Coles Honey Cashews | 350g", "price": "$9.00", "unit_price": "$25.72 per 1kg"},
{"product_name": "Coles Superfood Mix | 400g", "price": "$8.00", "unit_price": "$20.00 per 1kg"},
{"product_name": "Coles Roasted And Salted Peanuts And Cashews | 800g", "price": "$8.00", "unit_price": "$10.00 per 1kg"},
{"product_name": "Coles Kitchen Mixed Asian Vegetables Stir Fry | 300g", "price": "$4.50", "unit_price": "$15.00 per 1kg"},
{"product_name": "Coles Herb Thai Basil Punnet | 15g", "price": "$3.00", "unit_price": "$2.00 per 10g"},
{"product_name": "Market Lane Smoked Almonds | 500g", "price": "$10.00", "unit_price": "$20.00 per 1kg"},
{"product_name": "Coles Organic White Mushroom | 180g", "price": "$6.00", "unit_price": "$33.34 per 1kg"},
{"product_name": "Coles Kitchen Coleslaw Salad | 800g", "price": "$6.00", "unit_price": "$7.50 per 1kg"},
{"product_name": "Coles Beetroot Bunch | 1 each", "price": "$5.50", "unit_price": "$5.50 per 1ea"},
{"product_name": "Coles Organic Rocket | 100g", "price": "$4.90", "unit_price": "$49.00 per 1kg"},
{"product_name": "Coles Kitchen Broccoslaw | 300g", "price": "$4.00", "unit_price": "$13.33 per 1kg"},
{"product_name": "Coles Lettuce Decorative Oak Red | 1 each", "price": "$3.20", "unit_price": "$3.20 per 1ea"},
{"product_name": "Coles Kitchen Veggie Pasta Salad | 220g", "price": "$2.50", "unit_price": "$11.36 per 1kg"},
{"product_name": "Coles Vegetable Chips | approx 100g", "price": "$4.50", "unit_price": "$45.00 per 1kg"},
{"product_name": "Coles Giant Sour Cola Bottles | approx 100g", "price": "$2.50", "unit_price": "$25.00 per 1kg"},
{"product_name": "Coles Durian Loose | 1 each", "price": "$37.76", "unit_price": "$18.88 per 1kg"},
{"product_name": "Coles Prunes | approx 100g", "price": "$1.70", "unit_price": "$17.00 per 1kg"},
{"product_name": "Coles Organic Royal Gala Apples | 1kg", "price": "$7.80", "unit_price": "$7.80 per 1kg"},
{"product_name": "Coles Washed Chipping Potatoes | 2kg", "price": "$7.00", "unit_price": "$3.50 per 1kg"},
{"product_name": "Market Lane Crunchy Party Mix | 400g", "price": "$7.00", "unit_price": "$17.50 per 1kg"},
{"product_name": "Coles Kitchen Chicken Style Soup Mix Kit | 450g", "price": "$6.00", "unit_price": "$13.33 per 1kg"},
{"product_name": "Coles Celery Sticks Organic | 250g", "price": "$5.50", "unit_price": "$22.00 per 1kg"},
{"product_name": "Coles Kitchen Salad Extra Creamy Coleslaw Kit | 500g", "price": "$5.50", "unit_price": "$11.00 per 1kg"},
{"product_name": "Coles Kitchen Roasting Vegetables With Garlic And Rosemary | 500g", "price": "$5.50", "unit_price": "$11.00 per 1kg"},
{"product_name": "Coles Herb Punnets Curry Leaves | 10g", "price": "$3.20", "unit_price": "$3.20 per 10g"},
{"product_name": "Coles Portobello Brown Mushrooms | 375g", "price": "$9.50", "unit_price": "$25.33 per 1kg"},
{"product_name": "Coles Kitchen Family Vegetable Medley | 750g", "price": "$6.50", "unit_price": "$8.67 per 1kg"},
{"product_name": "Coles Kitchen Green Goddess Veggie Pot | 200g", "price": "$5.50", "unit_price": "$27.50 per 1kg"},
{"product_name": "Coles Australian Caulini Prepacked | 180g", "price": "$4.00", "unit_price": "$22.22 per 1kg"},
{"product_name": "Gourmet Garden Garlic Cold Blended Paste | 80g", "price": "$4.00", "unit_price": "$0.50 per 10g"},
{"product_name": "Coles Kitchen Stir Fry Superfood | 250g", "price": "$3.50", "unit_price": "$14.00 per 1kg"},
{"product_name": "Alfalfa Sprouts Prepacked | 125g", "price": "$2.50", "unit_price": "$20.00 per 1kg"},
{"product_name": "Coles Peanut Butter Pretzels | approx 100g", "price": "$2.50", "unit_price": "$25.00 per 1kg"},
{"product_name": "Coles Butterflied Pork Shoulder With Lemon & Herb | approx 800g", "price": "$11.60", "unit_price": "$14.50 per 1kg"},
{"product_name": "Coles Made Easy Prosciutto Wrapped Chicken Breasts With Parmigiana Stuffing | 450g", "price": "$13.00", "unit_price": "$28.89 per 1kg"},
{"product_name": "Inglewood Organic Chicken Strips Plain | 500g", "price": "$12.50", "unit_price": "$25.00 per 1kg"},
{"product_name": "British Sausage Co. Beef Eater Sausage | 1kg", "price": "$12.00", "unit_price": "$12.00 per 1kg"},
{"product_name": "British Family Pack Thin Pork Sausages | 1kg", "price": "$12.00", "unit_price": "$12.00 per 1kg"},
{"product_name": "The Fishery Banana Prawn Meat | 200g", "price": "$11.50", "unit_price": "$57.50 per 1kg"},
{"product_name": "Inglewood Farms Free Range Organic Chicken Drumsticks | approx 420g", "price": "$4.62", "unit_price": "$11.00 per 1kg"},
{"product_name": "KB's Seafood Imported Raw Marinated Prawns | 260g", "price": "$10.00", "unit_price": "$38.46 per 1kg"},
{"product_name": "Luv A Duck Cooked Duck Breast Peking Flavoured | 360g", "price": "$10.00", "unit_price": "$27.78 per 1kg"},
{"product_name": "Ocean Blue Sliced Smoked Ocean Trout | 100g", "price": "$8.50", "unit_price": "$85.00 per 1kg"},
{"product_name": "Coles Lamb Bones | approx 1kg", "price": "$7.00", "unit_price": "$7.00 per 1kg"},
{"product_name": "Coles No Added Hormone Beef Eye Fillet Roast | approx 450g", "price": "$23.40", "unit_price": "$52.00 per 1kg"},
{"product_name": "KB's Deli Thawed MSC WA Cooked Rock Lobster | 1 each", "price": "$24.00", "unit_price": "$24.00 per 1ea"},
{"product_name": "Coles Finest Carbon Neutral Beef Scotch Fillet Steak | 375g", "price": "$22.00", "unit_price": "$58.67 per 1kg"},
{"product_name": "Coles No Added Hormone Beef Butterflied Texan BBQ | approx 800g", "price": "$16.00", "unit_price": "$20.00 per 1kg"},
{"product_name": "Coles Beef Roast & Onion Garlic & Red Wine Rub | approx 1.2kg", "price": "$20.40", "unit_price": "$17.00 per 1kg"},
{"product_name": "Coles Graze Lamb Leg Roast Half | approx 1.8kg", "price": "$28.80", "unit_price": "$16.00 per 1kg"},
{"product_name": "Coles Tasmanian Cold Smoked Salmon | 250g", "price": "$15.00", "unit_price": "$60.00 per 1kg"},
{"product_name": "Coles Made Easy Chicken Breasts Filled With Garlic & Herb Butter Topped With A Cheese Crumb | 500g", "price": "$13.00", "unit_price": "$26.00 per 1kg"},
{"product_name": "Coles Made Easy Mushroom & Chicken Wellington Roast | 600g", "price": "$12.00", "unit_price": "$20.00 per 1kg"},
{"product_name": "Coles Made Easy Beef Stroganoff With Creamy Sauce | 500g", "price": "$12.00", "unit_price": "$24.00 per 1kg"},
{"product_name": "K-Roo Kangaroo Diced | 500g", "price": "$11.00", "unit_price": "$22.00 per 1kg"},
{"product_name": "Impossible Burgers | 227g", "price": "$9.50", "unit_price": "$41.85 per 1kg"},
{"product_name": "Regal New Zealand King Salmon Manuka Wood Smoked Slices | 100g", "price": "$9.50", "unit_price": "$95.00 per 1kg"},
{"product_name": "Coles Entertaining Pork & Caramelised Onion Sausage Rolls | 550g", "price": null, "unit_price": null},
{"product_name": "Steggles Turkey Rissoles | 400g", "price": "$8.50", "unit_price": "$21.25 per 1kg"},
{"product_name": "Talley's Mussels Natural | 375g", "price": "$8.00", "unit_price": "$21.33 per 1kg"},
{"product_name": "Coles Made Easy Beef Puff Pastry Parcels In Red Wine Sauce | 350g", "price": "$8.00", "unit_price": "$22.86 per 1kg"},
{"product_name": "Coles Beef Rissoles | 440g", "price": "$6.50", "unit_price": "$14.77 per 1kg"},
{"product_name": "Ocean Blue Surimi Sea Sticks | 150g", "price": "$4.00", "unit_price": "$26.67 per 1kg"},
{"product_name": "Coles Lamb Mint & Rosemary Rump Steak | approx 400g", "price": "$12.00", "unit_price": "$30.00 per 1kg"},
{"product_name": "Coles Beef Roast With Mustard And Black Pepper | approx 900g", "price": "$18.00", "unit_price": "$20.00 per 1kg"},
{"product_name": "Coles Beef Porterhouse Thin Cut | 440g", "price": "$19.00", "unit_price": "$43.18 per 1kg"},
{"product_name": "Luv A Duck A L'orange Duck Legs | 500g", "price": "$15.00", "unit_price": "$30.00 per 1kg"},
{"product_name": "Coles Lamb Shoulder Butterflied With Smokey Marinade | approx 800g", "price": "$14.40", "unit_price": "$18.00 per 1kg"},
{"product_name": "Coles Smoked Meaty Pork Leg Hock | approx 1kg", "price": "$14.00", "unit_price": "$14.00 per 1kg"},
{"product_name": "Coles Pork Slow Cook Scotch Roast | approx 1.5kg", "price": "$20.25", "unit_price": "$13.50 per 1kg"},
{"product_name": "Coles Family Classic Chicken & Pork Thai Curry Meatballs | 700g", "price": "$12.00", "unit_price": "$17.14 per 1kg"},
{"product_name": "McCain Pub Size Butter Chicken | 480g", "price": "$9.50", "unit_price": "$1.98 per 100g"},
{"product_name": "Herbert Adams Frozen King Island Frozen Beef Sausage Rolls 12 pack | 420g", "price": "$7.60", "unit_price": "$1.81 per 100g"},
{"product_name": "Connoisseur Plant Based Vanilla Brownie 4 Pack | 360mL", "price": "$7.00", "unit_price": "$1.94 per 100mL"},
{"product_name": "Pampas Frozen Puff Pastry Sheets Extra Light 6 pack | 1kg", "price": "$6.50", "unit_price": "$0.65 per 100g"},
{"product_name": "Coles Frozen Fruit Blackberries | 500g", "price": "$6.20", "unit_price": "$12.40 per 1kg"},
{"product_name": "Lean Cuisine Sundried Tomato & Chicken | 375g", "price": "$5.60", "unit_price": "$1.49 per 100g"},
{"product_name": "Hersheys Milk Chocolate Ice Cream | 1L", "price": "$4.50", "unit_price": "$0.45 per 100mL"},
{"product_name": "Birds Eye Frozen Steam Fresh Carrot Cauliflower & Broccoli Mix 3 pack | 450g", "price": "$4.50", "unit_price": "$10.00 per 1kg"},
{"product_name": "Sabrini Cocktail Samosa | 500g", "price": "$4.25", "unit_price": "$0.85 per 100g"},
{"product_name": "Four N Twenty Meat Free Pie | 175g", "price": "$4.00", "unit_price": "$2.29 per 100g"},
{"product_name": "Coles Fruit Apple Pie Snack 4 pack | 500g", "price": "$3.60", "unit_price": "$0.72 per 100g"},
{"product_name": "Mr Chen's Bbq Pork Dumplings | 700g", "price": "$16.00", "unit_price": "$2.29 per 100g"},
{"product_name": "Birds Eye Frozen Fish Fingers 40 Pieces | 1kg", "price": "$13.00", "unit_price": "$13.00 per 1kg"},
{"product_name": "Ben & Jerry's Half Baked Ice Cream Tub | 458mL", "price": "$10.00", "unit_price": "$2.18 per 100mL"},
{"product_name": "Drumstick Ice Cream Caramel 4Pack | 475mL", "price": "$9.50", "unit_price": "$2.00 per 100mL"},
{"product_name": "Cadbury Crunchie Honeycomb Flavour Ice Cream Bar 4 Pack | 300mL", "price": "$9.50", "unit_price": "$3.17 per 100mL"},
{"product_name": "McCain Pub Size Southern Style Chicken | 480g", "price": "$9.50", "unit_price": "$1.98 per 100g"},
{"product_name": "McCain Frozen Cheese & Bacon Pizza Slices 6 pack | 600g", "price": "$9.00", "unit_price": "$1.50 per 100g"},
{"product_name": "Coles I M Free From Chicken Nuggets | 400g", "price": "$8.00", "unit_price": "$20.00 per 1kg"},
{"product_name": "McCain Lil Pizza Cheesy Margherita | 380g", "price": "$7.80", "unit_price": "$2.05 per 100g"},
{"product_name": "Chiko Frozen Original Rolls 4 pack  | 650g", "price": "$6.70", "unit_price": "$1.03 per 100g"},
{"product_name": "Coles Frozen Bake At Home Butter Croissants 6 pack | 360g", "price": "$6.70", "unit_price": "$1.86 per 100g"},
{"product_name": "Peters Light And Creamy Ice Cream Choc Caramel | 1.8L", "price": "$6.50", "unit_price": "$0.36 per 100mL"},
{"product_name": "Weis Mango Ice Cream Bars 4 Pack | 280mL", "price": "$6.50", "unit_price": "$2.32 per 100mL"},
{"product_name": "Streets Blue Ribbon Cookies & Cream Ice cream tub | 2L", "price": "$6.50", "unit_price": "$0.33 per 100mL"},
{"product_name": "YoPro Salted Caramel Peanut Butter Frozen Dessert Tub | 473mL", "price": "$6.00", "unit_price": "$1.27 per 100mL"},
{"product_name": "Peters Gluten Free Original Rainbow Ice Cream Tub | 2L", "price": "$5.50", "unit_price": "$0.28 per 100mL"},
{"product_name": "Hanabi Frozen Surimi Fish Balls | 500g", "price": "$5.30", "unit_price": "$10.60 per 1kg"},
{"product_name": "Birds Eye Frozen Shanghai Stir Fry | 500g", "price": "$4.50", "unit_price": "$9.00 per 1kg"},
{"product_name": "Coles Chicken Fettuccine Carbonara | 375g", "price": "$3.65", "unit_price": "$0.97 per 100g"},
{"product_name": "Coles Frozen Whole Baby Beans | 500g", "price": "$3.10", "unit_price": "$6.20 per 1kg"},
{"product_name": "Coles Frozen Brussels Sprouts | 500g", "price": "$3.00", "unit_price": "$6.00 per 1kg"},
{"product_name": "Steggles Tempura Chicken Nuggets | 1kg", "price": "$11.50", "unit_price": "$11.50 per 1kg"},
{"product_name": "McCain Pub Size Chicken & Bacon Bake | 480g", "price": "$9.50", "unit_price": "$1.98 per 100g"},
{"product_name": "Coles Frozen Buttermilk Chicken Tenders | 400g", "price": "$7.00", "unit_price": "$17.50 per 1kg"},
{"product_name": "Steggles Frozen Crumbed Chicken Breast Nuggets | 400g", "price": "$5.80", "unit_price": "$14.50 per 1kg"},
{"product_name": "Coles Vegetable Samosas 10 Pack | 300g", "price": "$5.50", "unit_price": "$1.83 per 100g"},
{"product_name": "Coles Frozen Green Mixed Vegetables | 1kg", "price": "$5.00", "unit_price": "$5.00 per 1kg"},
{"product_name": "Four'N Twenty King Size Meat Lovers Sausage Roll | 160g", "price": "$4.00", "unit_price": "$2.50 per 100g"},
{"product_name": "Mr Chen's Ginger Prawn Dumplings | 630g", "price": "$16.00", "unit_price": "$2.54 per 100g"},
{"product_name": "Haagen-Dazs Strawberries And Cream Ice Cream | 457mL", "price": "$13.50", "unit_price": "$2.95 per 100mL"},
{"product_name": "Connoisseur Ice Cream Honey Macadamia | 1L", "price": "$12.00", "unit_price": "$1.20 per 100mL"},
{"product_name": "Magnum Ice Cream Mini Dulce De Leche 6Pack | 360mL", "price": "$10.50", "unit_price": "$2.92 per 100mL"},
{"product_name": "Peters Drumstick Choc Mint Ice Cream 4 pack | 475mL", "price": "$9.50", "unit_price": "$2.00 per 100mL"},
{"product_name": "Peters No Sugar Added Vanilla Ice Cream | 1.2L", "price": "$8.00", "unit_price": "$0.67 per 100mL"},
{"product_name": "Gourmet Table Tomato & Basil Arancini | 200g", "price": "$7.50", "unit_price": "$3.75 per 100g"},
{"product_name": "Birds Eye Frozen Seasoned Sides Mediterranean Mix | 600g", "price": "$6.30", "unit_price": "$10.50 per 1kg"},
{"product_name": "Coles Strawberry Jam | 450g", "price": "$2.50", "unit_price": "$0.56 per 100g"},
{"product_name": "Cadbury Dairy Milk Caramello Koala Chocolate | 35g", "price": "$1.00", "unit_price": "$2.86 per 100g"},
{"product_name": "Coles Vanilla Cream Wafers | 125g", "price": "$0.80", "unit_price": "$0.64 per 100g"},
{"product_name": "Maltesers Milk Chocolate Snack Party Bag | 280g", "price": "$6.50", "unit_price": "$2.32 per 100g"},
{"product_name": "Nestle Kitkat Milk Chocolate Value Share Pack 18 Pieces | 252g", "price": "$6.00", "unit_price": "$2.38 per 100g"},
{"product_name": "Cadbury Crunchie Chocolate bar | 50g", "price": "$2.00", "unit_price": "$4.00 per 100g"},
{"product_name": "Fantastic Snack Size Chicken Noodle Bowl | 85g", "price": "$1.95", "unit_price": "$2.29 per 100g"},
{"product_name": "Nestle KitKat Chunky Packed With Milo Milk Chocolate Bar | 45g", "price": "$1.10", "unit_price": "$2.44 per 100g"},
{"product_name": "Nice & Natural Yoghurt Roasted Nut Bars 6 pack | 192g", "price": "$5.00", "unit_price": "$2.60 per 100g"},
{"product_name": "Darrell Lea Dark Chocolate Liquorice Bullets | 226g", "price": "$3.80", "unit_price": "$1.68 per 100g"},
{"product_name": "Extra Peppermint Sugar Free Chewing Gum | 27g", "price": "$2.50", "unit_price": "$9.26 per 100g"},
{"product_name": "Coles Minced Garlic | 500g", "price": "$2.30", "unit_price": "$0.05 per 10g"},
{"product_name": "Poppin Explosion Triple Butter Popcorn | 100g", "price": "$2.00", "unit_price": "$2.00 per 100g"},
{"product_name": "Coles Microwave Popcorn Butter | 100g", "price": "$0.95", "unit_price": "$0.95 per 100g"},
{"product_name": "Coles Spirals Pasta | 500g", "price": "$0.90", "unit_price": "$0.18 per 100g"},
{"product_name": "Nestle Milkybar Chocolate Milo Block | 160g", "price": "$5.50", "unit_price": "$3.44 per 100g"},
{"product_name": "Arnott's Family Favourites Assorted Biscuits | 500g", "price": "$5.00", "unit_price": "$1.00 per 100g"},
{"product_name": "Parker's Baked Multipack Mini Pretzels 6 Pack | 150g", "price": "$4.50", "unit_price": "$3.00 per 100g"},
{"product_name": "Ritz Mini Cheese Crackers Sharepack  | 155g", "price": "$4.00", "unit_price": "$2.58 per 100g"},
{"product_name": "Arnott's Salada Wholemeal Crispbread | 250g", "price": "$4.00", "unit_price": "$1.60 per 100g"},
{"product_name": "Extra Strawberry Sugar Free Chewing Gum | 27g", "price": "$2.50", "unit_price": "$9.26 per 100g"},
{"product_name": "Real Foods Original Corn Thins | 150g", "price": "$2.00", "unit_price": "$1.33 per 100g"},
{"product_name": "Coles Tuna Lemon & Pepper | 95g", "price": "$1.10", "unit_price": "$11.58 per 1kg"},
{"product_name": "Kellogg's Sultana Bran High Fibre Breakfast Cereal | 700g", "price": "$9.00", "unit_price": "$1.29 per 100g"},
{"product_name": "Cadbury Old Gold Roast Almond Dark Chocolate Block | 180g", "price": "$5.50", "unit_price": "$3.06 per 100g"},
{"product_name": "Coles Sultanas | 1kg", "price": "$5.00", "unit_price": "$5.00 per 1kg"},
{"product_name": "Popcorners Gluten Free Snacks Sea Salt | 85g", "price": "$3.80", "unit_price": "$4.47 per 100g"},
{"product_name": "Sunrice Flavoured Rice Cakes Sour Cream & Chives | 160g", "price": "$2.50", "unit_price": "$1.56 per 100g"},
{"product_name": "Mcvities Digestives Tops Biscuits Dark Chocolate | 100g", "price": "$2.00", "unit_price": "$2.00 per 100g"},
{"product_name": "Devondale Full Cream Long Life Milk 6 pack | 1.2L", "price": "$6.00", "unit_price": "$5.00 per 1L"},
{"product_name": "Red Rock Deli Chef Series Malaysian Beef Rendang | 150g", "price": "$4.40", "unit_price": "$2.93 per 100g"},
{"product_name": "Coles Jumbo Cashews Salted | 200g", "price": "$4.30", "unit_price": "$21.50 per 1kg"},
{"product_name": "Arnott's Chocolate Coated Teddy Bear Biscuits  | 200g", "price": "$3.50", "unit_price": "$1.75 per 100g"},
{"product_name": "Leggo's Bolognese with Chunky Tomato Garlic & Herbs Pasta Sauce | 500g", "price": "$3.40", "unit_price": "$0.68 per 100g"},
{"product_name": "Coles Australian Peach Slices In Juice | 825g", "price": "$3.20", "unit_price": "$3.88 per 1kg"},
{"product_name": "San Remo Spaghetti No 5 | 500g", "price": "$2.95", "unit_price": "$0.59 per 100g"},
{"product_name": "Arnott's Shapes Cheese Bacon | 180g", "price": "$2.00", "unit_price": "$1.11 per 100g"},
{"product_name": "Twix Milk Chocolate Bar with Caramel Biscuit | 50g", "price": "$1.10", "unit_price": "$2.20 per 100g"},
{"product_name": "Vege Deli Crisps Original Blend | 100g", "price": "$6.50", "unit_price": "$6.50 per 100g"},
{"product_name": "Sanitarium Weet-Bix Bites Wild Berry Cereal | 500g", "price": "$4.50", "unit_price": "$0.90 per 100g"},
{"product_name": "Sunbites Grain Waves Chips Sweet Chilli | 170g", "price": "$3.50", "unit_price": "$2.06 per 100g"},
{"product_name": "Coles White Self Raising Flour | 2kg", "price": "$2.75", "unit_price": "$1.38 per 1kg"},
{"product_name": "Old El Paso Spice Mix For Tacos Mild | 30g", "price": "$2.40", "unit_price": "$8.00 per 100g"},
{"product_name": "Coles Pitted Dates | 500g", "price": "$1.85", "unit_price": "$3.70 per 1kg"},
{"product_name": "Oreo Original Creme Biscuits Family Pack | 358g", "price": "$4.50", "unit_price": "$1.26 per 100g"},
{"product_name": "CSR Caster Sugar | 1kg", "price": "$2.20", "unit_price": "$0.22 per 100g"},
{"product_name": "Captain's Table Classic Water Crackers | 125g", "price": "$1.80", "unit_price": "$1.44 per 100g"},
{"product_name": "Coles Pancetta | approx100g", "price": "$4.04", "unit_price": "$40.40 per 1kg"},
{"product_name": "Coles Semi Dried Tomatoes 97% FF | approx 100g", "price": "$2.50", "unit_price": "$25.00 per 1kg"},
{"product_name": "Coles Mild Salami | 200g", "price": "$6.90", "unit_price": "$34.50 per 1kg"},
{"product_name": "Royal International Tidbit Jamon Serrano | 80g", "price": "$5.80", "unit_price": "$72.50 per 1kg"},
{"product_name": "Don Chicken Breast | 160g", "price": "$3.20", "unit_price": "$20.00 per 1kg"},
{"product_name": "Don 25% Fat Reduced Danish Salami From the Deli | approx 125g", "price": "$4.38", "unit_price": "$35.00 per 1kg"},
{"product_name": "Coles Australian Hand Crafted Triple Smoked Leg Ham From The Deli | approx 100g", "price": "$2.80", "unit_price": "$28.00 per 1kg"},
{"product_name": "Ivans Family Chunky Angus Pie 900g | 900g", "price": "$19.80", "unit_price": "$2.20 per 100g"},
{"product_name": "Primo Cocktail Frankfurts | 1 kg", "price": "$7.90", "unit_price": "$7.90 per 1kg"},
{"product_name": "Normandie Mixed Pate Pods 4 pack | 200g", "price": "$7.30", "unit_price": "$3.65 per 100g"},
{"product_name": "Coles Sliced Prosciutto | 100g", "price": "$7.00", "unit_price": "$70.00 per 1kg"},
{"product_name": "Coles Deli RSPCA Approved Chicken Breast Kebab Thai | 1 each", "price": "$1.40", "unit_price": "$1.40 per 1ea"},
{"product_name": "Coles Deli Thawed Prawn Skewers Garlic | 1 each", "price": "$1.25", "unit_price": "$1.25 per 1ea"},
{"product_name": "Coles Pitted Kalamata Olives With Balsamic Vinegar | approx 100g", "price": "$2.50", "unit_price": "$25.00 per 1kg"},
{"product_name": "Hedys Quiche Spinach Parmesan | 1.1kg", "price": "$14.50", "unit_price": "$1.32 per 100g"},
{"product_name": "Gs Premium Margherita Pizza | 500g", "price": "$12.00", "unit_price": "$2.40 per 100g"},
{"product_name": "Hans Devon | approx 100g", "price": "$0.96", "unit_price": "$9.60 per 1kg"},
{"product_name": "Fragassi Basilico Pasta Sauce | 500g", "price": "$8.30", "unit_price": "$1.66 per 100g"},
{"product_name": "Provedore Free Range Chorizo | 200g", "price": "$7.50", "unit_price": "$37.50 per 1kg"},
{"product_name": "Coles Australian Made Thin Sliced Streaky Bacon | 200g", "price": "$6.00", "unit_price": "$30.00 per 1kg"},
{"product_name": "Deli Express Ivans Spinach Sundried Tomato & Feta Quiche | 180g", "price": "$5.40", "unit_price": "$3.00 per 100g"},
{"product_name": "Coles Deli RSPCA Approved Chicken Schnitzel | 250g", "price": "$4.00", "unit_price": "$16.00 per 1kg"},
{"product_name": "Coles Deli Thawed Cooked Peeled Prawn Cutlets | approx 250g", "price": "$8.50", "unit_price": "$34.00 per 1kg"},
{"product_name": "Primo Middle Bacon | 750g", "price": "$15.50", "unit_price": "$20.67 per 1kg"},
{"product_name": "Bertocchi Olive Mortadella | approx 100g", "price": "$1.40", "unit_price": "$14.00 per 1kg"},
{"product_name": "Primo Short Cut Salt Reduced Rindless Bacon | 200g", "price": "$6.20", "unit_price": "$31.00 per 1kg"},
{"product_name": "Hans American Hot Dog Franks | 375g", "price": "$4.90", "unit_price": "$13.07 per 1kg"},
{"product_name": "Thomson's Deli Ham And Chicken Luncheon | 1kg", "price": "$4.00", "unit_price": "$4.00 per 1kg"},
{"product_name": "Primo Mortadella Slices | 100g", "price": "$3.70", "unit_price": "$37.00 per 1kg"},
{"product_name": "Coles Deli Baby Bell Peppers with Cream Cheese | approx 100g", "price": "$2.25", "unit_price": "$22.50 per 1kg"},
{"product_name": "Auricchio Grana Padano Grated | approx100g", "price": "$4.70", "unit_price": "$47.00 per 1kg"},
{"product_name": "Casalingo Heritage Ham | approx 100g", "price": "$3.65", "unit_price": "$36.50 per 1kg"},
{"product_name": "Dandy Mild Salami From Deli | approx 2kg", "price": "$62.00", "unit_price": "$31.00 per 1kg"},
{"product_name": "Don Pariser | approx 100g", "price": "$1.81", "unit_price": "$18.10 per 1kg"},
{"product_name": "Hedys Quiche Roast Pumpkin & Fetta | 1.1kg", "price": "$14.50", "unit_price": "$1.32 per 100g"},
{"product_name": "Primo Cheese Kransky | 1 each", "price": "$2.90", "unit_price": "$2.90 per 1ea"},
{"product_name": "Coles Semi Dried Tomatoes Kalamata Fetta | appox. 100g", "price": "$2.80", "unit_price": "$28.00 per 1kg"},
{"product_name": "Coles Australian Made Short Cut Bacon From The Deli | approx 125g", "price": "$2.81", "unit_price": "$22.50 per 1kg"},
{"product_name": "British Sausage Co Smoked Back Bacon | 200g", "price": "$7.00", "unit_price": "$35.00 per 1kg"},
{"product_name": "Coles Spicy Chorizo Salami Knob | 200g", "price": "$6.90", "unit_price": "$34.50 per 1kg"},
{"product_name": "Don Mild Hungarian Salami | 160g", "price": "$3.20", "unit_price": "$20.00 per 1kg"},
{"product_name": "Jarlsberg Swiss Original Wedge Cut | approx 100g", "price": "$2.65", "unit_price": "$26.50 per 1kg"},
{"product_name": "Don XL Stadium Footy Frank From The Deli | 1 each", "price": "$0.70", "unit_price": "$0.70 per 1ea"},
{"product_name": "Coles Deli Vine Leaves Stuffed Dolmades | 1 each", "price": "$0.50", "unit_price": "$0.50 per 1ea"},
{"product_name": "Coles Deli RSPCA Approved Chicken Nibbles Chilli Sriracha | approx 500g", "price": "$4.50", "unit_price": "$9.00 per 1kg"},
{"product_name": "Provedore Mild Chorizo Salami | 100g", "price": "$6.00", "unit_price": "$60.00 per 1kg"},
{"product_name": "Fine Foods Sesame Wafer Crackers | 100g", "price": "$3.50", "unit_price": "$3.50 per 100g"},
{"product_name": "Helga's Mixed Grain Wraps 8 pack | 508g", "price": "$3.50", "unit_price": "$0.69 per 100g"},
{"product_name": "Coles Bakery Cake Madeira Lemon | 315g", "price": "$3.30", "unit_price": "$1.05 per 100g"},
{"product_name": "Mr Kipling Angel Slice 6 pack | 165g", "price": "$3.00", "unit_price": "$1.82 per 100g"},
{"product_name": "Coles Bakery Tiger Baguette Twin Pack | 2 pack", "price": "$1.90", "unit_price": "$0.95 per 1ea"},
{"product_name": "Coles Tiramisu | 500g", "price": "$10.60", "unit_price": "$2.12 per 100g"},
{"product_name": "Coles Bakery Traditional Sponge Cream Filled Iced | 450g", "price": "$6.75", "unit_price": "$1.50 per 100g"},
{"product_name": "La Fournee Doree Brioche Burger Buns With Sesame Seeds 4 Pack | 250g", "price": "$6.60", "unit_price": "$2.64 per 100g"},
{"product_name": "Coles Bakery By Laurent Ciabatta Loaf | 1 each", "price": "$4.00", "unit_price": "$4.00 per 1ea"},
{"product_name": "Coles Mini Parmesan & Onion Pane Di Casa | 1 each", "price": "$3.25", "unit_price": "$3.25 per 1ea"},
{"product_name": "Coles Bakery Custard Tarts 2 Pack | 260g", "price": "$5.85", "unit_price": "$2.25 per 100g"},
{"product_name": "Coles Bakery Mini Cheese And Bacon Rolls | 6 pack", "price": "$4.50", "unit_price": "$0.75 per 1ea"},
{"product_name": "Coles Blueberry Cheesecake | 450g", "price": "$9.50", "unit_price": "$2.11 per 100g"},
{"product_name": "Coles Banana Muffin Bars | 420g", "price": "$5.85", "unit_price": "$1.39 per 100g"},
{"product_name": "Coles White Large Jumbo Wraps 8 Pack | 560g", "price": "$4.00", "unit_price": "$0.71 per 100g"},
{"product_name": "MEB Pita Souvlaki | 450g", "price": "$3.60", "unit_price": "$0.80 per 100g"},
{"product_name": "Coles Bakery Vanilla Creme Crown | 2 pack", "price": "$3.40", "unit_price": "$1.70 per 1ea"},
{"product_name": "Coles Bakery Vanilla Crown Mini Danish | 5 pack", "price": "$3.15", "unit_price": "$0.63 per 1ea"},
{"product_name": "Tip Top Thins Wholemeal Sandwich | 240g", "price": "$3.00", "unit_price": "$1.25 per 100g"},
{"product_name": "Tip Top Spicy Fruit English Muffins | 6 pack", "price": "$6.00", "unit_price": "$1.00 per 1ea"},
{"product_name": "Coles Bakery Stone Baked Multigrain Sourdough Vienna | 1 each", "price": "$5.00", "unit_price": "$5.00 per 1ea"},
{"product_name": "Coles Light Rye Sourdough Rolls | 4 pack", "price": "$3.75", "unit_price": "$0.94 per 1ea"},
{"product_name": "MEB Pita Pockets White 6 pack | 250g", "price": "$2.70", "unit_price": "$1.08 per 100g"},
{"product_name": "MEB Pita Khobz Wholemeal 5 pack | 500g", "price": "$2.70", "unit_price": "$0.54 per 100g"},
{"product_name": "Abbott's Bakery Harvest Seeds And Grain Bread | 750g", "price": "$4.90", "unit_price": "$0.65 per 100g"},
{"product_name": "Coles Bakery Jam Lamingtons 6 Pack | 350g", "price": "$3.40", "unit_price": "$0.97 per 100g"},
{"product_name": "Laurent Patisserie Lemon Meringue | 2 pack", "price": "$8.00", "unit_price": "$4.00 per 1ea"},
{"product_name": "Coles Bakery Mud Cake | 600g", "price": "$6.40", "unit_price": "$1.07 per 100g"},
{"product_name": "Tip Top 9 Grain Wholemeal Sandwich | 750g", "price": "$4.40", "unit_price": "$0.59 per 100g"},
{"product_name": "Coles BAGEL SESAME 4 PACK | 360g", "price": "$2.50", "unit_price": "$0.69 per 100g"},
{"product_name": "Mission Wholegrain Wraps 8 pack | 567g", "price": "$5.50", "unit_price": "$0.97 per 100g"},
{"product_name": "Coles Bakery Fresh Cream Long John Donuts | 2 pack", "price": "$5.50", "unit_price": "$2.75 per 1ea"},
{"product_name": "Coles Banana Bread Slices 5 Pack | 500g", "price": "$6.50", "unit_price": "$1.30 per 100g"},
{"product_name": "Coles Bakery Apple Fresh Cream Turnover | 1 each", "price": "$5.00", "unit_price": "$5.00 per 1ea"},
{"product_name": "Coles Stone Baked By Laurent Turkish Rolls | 3 pack", "price": "$3.75", "unit_price": "$1.25 per 1ea"},
{"product_name": "Coles Bakery Apricot Crown | 2 pack", "price": "$3.40", "unit_price": "$1.70 per 1ea"},
{"product_name": "Coles Soft White Sandwich | 650g", "price": "$2.70", "unit_price": "$0.42 per 100g"},
{"product_name": "Coles Chocolate Chip Muffins | 4 pack", "price": "$4.70", "unit_price": "$1.18 per 1ea"},
{"product_name": "Coles Bakery Stone Baked By Laurent Turkish Loaf | 1 each", "price": "$4.00", "unit_price": "$4.00 per 1ea"},
{"product_name": "Coles Bakery Mini Apple Crown | 5 pack", "price": "$3.15", "unit_price": "$0.63 per 1ea"},
{"product_name": "Coles Bakery Light Sourdough Hamburger Rolls | 4 pack", "price": "$3.75", "unit_price": "$0.94 per 1ea"},
{"product_name": "Mission Spinach & Herb Wraps 8 pack | 567g", "price": "$5.50", "unit_price": "$0.97 per 100g"},
{"product_name": "Coles Belgian Cheesecake Slice 2 pack | 220g", "price": "$5.50", "unit_price": "$2.50 per 100g"},
{"product_name": "Coles Bakery Super Soft Round Rolls | 12 pack", "price": "$5.00", "unit_price": "$0.42 per 1ea"},
{"product_name": "Coles Bakery Iced Ring Donut Mixed | 2 pack", "price": "$3.75", "unit_price": "$1.88 per 1ea"},
{"product_name": "Coles Bakery Ultimate White Chocolate Chip Cookie | 6 pack", "price": "$3.50", "unit_price": "$0.58 per 1ea"},
{"product_name": "Pauls Physical Reduced Fat Hi Calcium Milk | 2L", "price": "$4.90", "unit_price": "$2.45 per 1L"},
{"product_name": "Coles Cream Cheese Spread Original | 250g", "price": "$3.10", "unit_price": "$12.40 per 1kg"},
{"product_name": "Pauls Zymil Full Cream Long Life Milk | 1L", "price": "$3.00", "unit_price": "$3.00 per 1L"},
{"product_name": "Yoplait Zero French Vanilla Yoghurt | 1kg", "price": "$4.90", "unit_price": "$0.49 per 100g"},
{"product_name": "Dairylea Original Cheese Slices 12 pack | 216g", "price": "$4.00", "unit_price": "$18.52 per 1kg"},
{"product_name": "Perfect Italiano Dairy Cheese Grated Mozzarella:Mozzarella | 450g", "price": "$9.50", "unit_price": "$21.11 per 1kg"},
{"product_name": "Coles Kitchen Garlic Baguette Twin Pack | 450g", "price": "$2.90", "unit_price": "$0.64 per 100g"},
{"product_name": "Vitasoy Soy Lite Milk | 1L", "price": "$2.85", "unit_price": "$2.85 per 1L"},
{"product_name": "Big M Original Chocolate Flavoured Milk | 2L", "price": "$6.00", "unit_price": "$3.00 per 1L"},
{"product_name": "Bulla Thickened Cream | 600mL", "price": "$6.00", "unit_price": "$1.00 per 100mL"},
{"product_name": "Devondale Unsalted Pat Butter | 250g", "price": "$5.30", "unit_price": "$2.12 per 100g"},
{"product_name": "Yoplait Mango Yoghurt | 1kg", "price": "$4.90", "unit_price": "$0.49 per 100g"},
{"product_name": "Dream Whip Whipped Dairy Topping Cream | 250g", "price": "$5.60", "unit_price": "$2.24 per 100g"},
{"product_name": "Sunny Queen Free Range X Large Eggs 6 pack | 350g", "price": "$4.20", "unit_price": "$1.20 per 100g"},
{"product_name": "Lurpak Spreadable Slightly Salted | 400g", "price": "$7.50", "unit_price": "$1.88 per 100g"},
{"product_name": "The Laughing Cow Cheese Spread | 128g", "price": "$5.00", "unit_price": "$39.06 per 1kg"},
{"product_name": "Coles Natural Pot Set Yoghurt | 1kg", "price": "$4.50", "unit_price": "$0.45 per 100g"},
{"product_name": "Black Swan Tzatziki Dip | 200g", "price": "$3.50", "unit_price": "$1.75 per 100g"},
{"product_name": "Western Star Chef's Choice Unsalted Cultured Butter | 500g", "price": "$8.00", "unit_price": "$1.60 per 100g"},
{"product_name": "Coles Dairy Butter Pat | 500g", "price": "$6.90", "unit_price": "$1.38 per 100g"},
{"product_name": "Vaalia Kids Strawberry Yoghurt Pouch | 140g", "price": "$2.40", "unit_price": "$1.71 per 100g"},
{"product_name": "Western Star Original Salted Butter Pat | 500g", "price": "$8.00", "unit_price": "$1.60 per 100g"},
{"product_name": "Yakult Fermented Probiotic Milk 5 pack | 65mL", "price": "$4.00", "unit_price": "$12.31 per 1L"},
{"product_name": "Farmers Union Yogurt Natural Greek Style | 240g", "price": "$3.10", "unit_price": "$1.29 per 100g"},
{"product_name": "Pauls Zymil Low Fat Milk | 2L", "price": "$6.80", "unit_price": "$3.40 per 1L"},
{"product_name": "Bulla Light Thickened Cooking Cream | 300mL", "price": "$2.95", "unit_price": "$0.98 per 100mL"},
{"product_name": "Yoplait Petit Miam Mango Yoghurt Pouch | 70g", "price": "$0.95", "unit_price": "$1.36 per 100g"},
{"product_name": "Coles Nature's Kitchen Firm Tofu | 300g", "price": "$2.30", "unit_price": "$0.77 per 100g"},
{"product_name": "Tamar Valley Greek Yoghurt | 1kg", "price": "$8.00", "unit_price": "$0.80 per 100g"},
{"product_name": "Coles Dairy Shredded Parmesan Cheese | 250g", "price": "$6.15", "unit_price": "$24.60 per 1kg"},
{"product_name": "Coles Spread Regular | 1kg", "price": "$3.50", "unit_price": "$0.35 per 100g"},
{"product_name": "Coles Light Greek Style Yoghurt | 1kg", "price": "$4.40", "unit_price": "$0.44 per 100g"},
{"product_name": "Hunt & Brew Extra Creamy Milk | 1L", "price": "$3.95", "unit_price": "$3.95 per 1L"},
{"product_name": "Coles Swiss Style Cheese Slices | 200g", "price": "$5.00", "unit_price": "$25.00 per 1kg"},
{"product_name": "Yakult Fermented Light Probiotic Milk 5 Pack | 65mL", "price": "$4.00", "unit_price": "$12.31 per 1L"},
{"product_name": "Pauls Farmhouse Gold Cream On Top Milk | 1.5L", "price": "$4.40", "unit_price": "$2.93 per 1L"},
{"product_name": "Nuttelex Original Spread | 500g", "price": "$5.20", "unit_price": "$1.04 per 100g"},
{"product_name": "Pura Full Cream Milk | 1L", "price": "$2.80", "unit_price": "$2.80 per 1L"},
{"product_name": "Don Footy Franks Skinless | 435g", "price": "$7.00", "unit_price": "$16.09 per 1kg"},
{"product_name": "Coles Lactose Free Lite Milk | 1L", "price": "$3.10", "unit_price": "$3.10 per 1L"},
{"product_name": "Good Yolk Co Cage Free Eggs 12 Pack | 700g", "price": "$5.75", "unit_price": "$0.82 per 100g"},
{"product_name": "Bulla Creamy Australian Style Yoghurt Strawberry | 160g", "price": "$1.20", "unit_price": "$0.75 per 100g"},
{"product_name": "Vitasoy Oat Yogurt Blueberry | 140g", "price": "$3.00", "unit_price": "$2.14 per 100g"},
{"product_name": "Vitasoy UHT Oat Milk | 1L", "price": "$1.65", "unit_price": "$1.65 per 1L"},
{"product_name": "Coles Half Cauliflower Precut | 1 each", "price": "$2.00", "unit_price": "$2.00 per 1ea"},
{"product_name": "Coles Half Drumhead Cabbage | 1 each", "price": "$2.80", "unit_price": "$2.80 per 1ea"},
{"product_name": "Coles Sleeved Herbs Parsley Continental | 1 each", "price": "$3.20", "unit_price": "$3.20 per 1ea"},
{"product_name": "Coles Rockmelon Half | 1 each", "price": "$2.50", "unit_price": "$2.50 per 1ea"},
{"product_name": "Coles Celery Sticks Prepacked | 300g", "price": "$4.00", "unit_price": "$13.33 per 1kg"},
{"product_name": "Coles Green Cucumber | 1 each", "price": "$2.50", "unit_price": "$2.50 per 1ea"},
{"product_name": "Coles Royal Gala Apples 1Kg | 1 each", "price": "$5.90", "unit_price": "$5.90 per 1kg"},
{"product_name": "Coles Baby Rocket | 60g", "price": "$2.00", "unit_price": "$33.34 per 1kg"},
{"product_name": "Coles Kensington Pride Mangoes | 1 each", "price": "$3.90", "unit_price": "$3.90 per 1ea"},
{"product_name": "Coles I'm Perfect Avocados | 1kg", "price": "$4.50", "unit_price": "$4.50 per 1kg"},
{"product_name": "Coles Rosalee Pink Onions Prepacked | 1kg", "price": "$2.90", "unit_price": "$2.90 per 1kg"},
{"product_name": "Coles Vine Ripened Tomatoes Prepacked | 500g", "price": "$4.90", "unit_price": "$9.80 per 1kg"},
{"product_name": "Coles Shredded Iceberg Lettuce | 200g", "price": "$2.00", "unit_price": "$10.00 per 1kg"},
{"product_name": "Coles 4 Leaf Salad Mix | 120g", "price": "$2.00", "unit_price": "$16.67 per 1kg"},
{"product_name": "Coles Salad Family Baby Spinach | 280g", "price": "$5.00", "unit_price": "$17.86 per 1kg"},
{"product_name": "Coles Rockmelon Whole | 1 each", "price": "$3.90", "unit_price": "$3.90 per 1ea"},
{"product_name": "Coles Gold Nugget Seedless Mandarins | approx 130g", "price": "$0.64", "unit_price": "$4.90 per 1kg"},
{"product_name": "Coles Garlic Bulb Prepack | 4 pack", "price": "$3.50", "unit_price": "$31.82 per 1kg"},
{"product_name": "Coles Asian Choy Pak | 1 each", "price": "$2.50", "unit_price": "$2.50 per 1ea"},
{"product_name": "Coles Medium Lemons 5 Pack | 1 each", "price": "$4.50", "unit_price": "$4.50 per 1ea"},
{"product_name": "Coles Murcott Mandarins Medium | approx 130g", "price": "$0.51", "unit_price": "$3.90 per 1kg"},
{"product_name": "Coles Cup Mushrooms Prepacked | 200g", "price": "$3.80", "unit_price": "$19.00 per 1kg"},
{"product_name": "Coles Leeks | 1 each", "price": "$2.50", "unit_price": "$2.50 per 1ea"},
{"product_name": "Coles Red Imperial Mandarins | approx.130g", "price": "$0.64", "unit_price": "$4.90 per 1kg"},
{"product_name": "Coles Mini Asparagus | 1 Pack", "price": "$1.80", "unit_price": "$1.80 per 1ea"},
{"product_name": "Coles Red Royale Potatoes Loose | approx 170g", "price": "$0.77", "unit_price": "$4.50 per 1kg"},
{"product_name": "Fresh Purple Eggplant | approx 500g", "price": "$3.45", "unit_price": "$6.90 per 1kg"},
{"product_name": "Fresh Eureka Premium Blueberries | 200g", "price": "$4.50", "unit_price": "$22.50 per 1kg"},
{"product_name": "Coles White Seedless Grapes Loose | approx 900g", "price": "$10.71", "unit_price": "$11.90 per 1kg"},
{"product_name": "Coles Ginger loose | approx 120g", "price": "$3.24", "unit_price": "$27.00 per 1kg"},
{"product_name": "Coles Green Beans Prepacked | 375g", "price": "$3.50", "unit_price": "$9.33 per 1kg"},
{"product_name": "Coles Blackberries Prepacked | 125g", "price": "$4.00", "unit_price": "$32.00 per 1kg"},
{"product_name": "Coles Wrapped Butternut Pumpkin | approx 700g", "price": "$2.66", "unit_price": "$3.80 per 1kg"},
{"product_name": "Coles Baby Broccoli | 1 each", "price": "$2.70", "unit_price": "$2.70 per 1ea"},
{"product_name": "Fresh Granny Smith Medium Apples | approx 170g", "price": "$0.94", "unit_price": "$5.50 per 1kg"},
{"product_name": "Coles Sliced Mushrooms | 200g", "price": "$3.80", "unit_price": "$19.00 per 1kg"},
{"product_name": "Coles I'M Perfect Carrots Prepacked | 1.5kg", "price": "$2.40", "unit_price": "$1.60 per 1kg"},
{"product_name": "Coles Sleeved Herbs Coriander | 1 each", "price": "$3.20", "unit_price": "$3.20 per 1ea"},
{"product_name": "Coles Navel Oranges | 3kg", "price": "$5.50", "unit_price": "$1.83 per 1kg"},
{"product_name": "Coles 4 Leaf Salad Mix | 200g", "price": "$3.00", "unit_price": "$15.00 per 1kg"},
{"product_name": "Coles Celery | 1 bunch", "price": "$3.00", "unit_price": "$3.00 per 1ea"},
{"product_name": "Coles Creme Royale Brushed Potatoes loose | approx 200g", "price": "$0.50", "unit_price": "$2.50 per 1kg"},
{"product_name": "Coles Baby Carrots Prepacked | 500g", "price": "$1.50", "unit_price": "$3.00 per 1kg"},
{"product_name": "Coles Strawberries Premium | 350g", "price": "$4.20", "unit_price": "$12.00 per 1kg"},
{"product_name": "Coles Baby Spinach | 60g", "price": "$2.00", "unit_price": "$33.34 per 1kg"},
{"product_name": "Coles Garlic loose | approx 60g", "price": "$1.62", "unit_price": "$27.00 per 1kg"},
{"product_name": "Coles Lettuce Spinach | 120g", "price": "$3.00", "unit_price": "$25.00 per 1kg"},
{"product_name": "Coles Kent Pumpkin Cut | approx 900g", "price": "$2.25", "unit_price": "$2.50 per 1kg"},
{"product_name": "Family Fave's Sweet Chilli Chicken Tenders | 1kg", "price": "$10.00", "unit_price": "$10.00 per 1kg"},
{"product_name": "Patties Frozen Party Classic Beef Pies 12 pack | 560g", "price": "$9.50", "unit_price": "$1.70 per 100g"},
{"product_name": "Connoisseur Ice Cream Mini Cookies & Cream 6 Pack | 360mL", "price": "$7.00", "unit_price": "$1.94 per 100mL"},
{"product_name": "Borg's Feta & Spinach Gozleme | 300g", "price": "$6.00", "unit_price": "$2.00 per 100g"},
{"product_name": "Connoisseur Ice Cream Vanilla 4 Pack | 400mL", "price": "$7.00", "unit_price": "$1.75 per 100mL"},
{"product_name": "Coles Frozen Corn Kernels | 1kg", "price": "$4.19", "unit_price": "$4.19 per 1kg"},
{"product_name": "Peters Drumstick Minis Vanilla Ice Cream 6 pack | 490mL", "price": "$9.50", "unit_price": "$1.94 per 100mL"},
{"product_name": "Connoisseur Ice Cream Mini Salted Caramel & Macadamia 6 Pack | 360mL", "price": "$7.00", "unit_price": "$1.94 per 100mL"},
{"product_name": "Coles Chocolate Coated Ice Creams 10 Pack | 865mL", "price": "$3.50", "unit_price": "$0.40 per 100mL"},
{"product_name": "Coles Vegetable Spring Rolls 16 Pack | 270g", "price": "$1.85", "unit_price": "$0.69 per 100g"},
{"product_name": "Connoisseur Ice Cream Salted Caramel 4 Pack | 400mL", "price": "$7.00", "unit_price": "$1.75 per 100mL"},
{"product_name": "McCain Superfries Frozen Potato Chips Crinkle Cut | 900g", "price": "$4.50", "unit_price": "$5.00 per 1kg"},
{"product_name": "Coles Frozen Baby Peas | 500g", "price": "$3.00", "unit_price": "$6.00 per 1kg"},
{"product_name": "McCain Pub Style Extra Crispy Fries | 750g", "price": "$4.00", "unit_price": "$5.33 per 1kg"},
{"product_name": "Connoisseur Ice Cream Roasted Hazelnut 4 Pack | 400mL", "price": "$7.00", "unit_price": "$1.75 per 100mL"},
{"product_name": "Coles Frozen Diced Mango | 500g", "price": "$6.20", "unit_price": "$12.40 per 1kg"},
{"product_name": "Connoisseur Ice Cream Cookies & Cream 4 Pack | 400mL", "price": "$7.00", "unit_price": "$1.75 per 100mL"},
{"product_name": "Coles Frozen Cut Beans | 1kg", "price": "$3.00", "unit_price": "$3.00 per 1kg"},
{"product_name": "Coles Frozen Fruit Raspberries | 500g", "price": "$7.00", "unit_price": "$14.00 per 1kg"},
{"product_name": "Four'N Twenty Frozen Meat Pies 4 Pack | 700g", "price": "$6.80", "unit_price": "$0.97 per 100g"},
{"product_name": "Coles Frozen Peas | 1kg", "price": "$2.70", "unit_price": "$2.70 per 1kg"},
{"product_name": "Cadbury Dairy Milk Ice Cream 4 pack | 360mL", "price": "$9.50", "unit_price": "$2.64 per 100mL"},
{"product_name": "Coles Frozen Broccoli Florets | 500g", "price": "$2.99", "unit_price": "$5.98 per 1kg"},
{"product_name": "Streets Blue Ribbon Vanilla Ice Cream Tub | 2L", "price": "$6.50", "unit_price": "$0.33 per 100mL"},
{"product_name": "McCain Superfries Frozen Potato Chips Straight Cut | 900g", "price": "$4.50", "unit_price": "$5.00 per 1kg"},
{"product_name": "Coles Frozen Australian Potato Chunky Wedges | 750g", "price": "$4.20", "unit_price": "$5.60 per 1kg"},
{"product_name": "Coles Beer Battered Steakhouse Chips | 750g", "price": "$4.20", "unit_price": "$5.60 per 1kg"},
{"product_name": "Coles Frozen Australian Peas | 1kg", "price": "$3.80", "unit_price": "$3.80 per 1kg"},
{"product_name": "Natures Nutrients Frozen Chopped Spinach | 250g", "price": "$1.00", "unit_price": "$4.00 per 1kg"},
{"product_name": "Coles Frozen Fruit Blueberries | 500g", "price": "$6.20", "unit_price": "$12.40 per 1kg"},
{"product_name": "Coles Frozen Carrots Corn & Peas | 1kg", "price": "$4.50", "unit_price": "$4.50 per 1kg"},
{"product_name": "Streets Golden Gaytime Ice Cream Sticks 4 pack | 400mL", "price": "$10.00", "unit_price": "$2.50 per 100mL"},
{"product_name": "Luv A Duck Frozen Whole Duck | 2.1kg", "price": "$26.20", "unit_price": "$12.48 per 1kg"},
{"product_name": "McCain Superfries Frozen Potato Chips Shoestring | 900g", "price": "$4.50", "unit_price": "$5.00 per 1kg"},
{"product_name": "Coles Frozen Potato Royals Oven Fry | 1kg", "price": "$4.90", "unit_price": "$4.90 per 1kg"},
{"product_name": "Coles Frozen Fruit Mixed Berries | 500g", "price": "$6.20", "unit_price": "$12.40 per 1kg"},
{"product_name": "Weis Ice Cream Mini Bars Mango 6 Pack | 264mL", "price": "$6.50", "unit_price": "$2.46 per 100mL"},
{"product_name": "Weis Mango & Macadamia Ice Cream Bars 4 pack | 280mL", "price": "$6.50", "unit_price": "$2.32 per 100mL"},
{"product_name": "Weis Half & Half Mango & Vanilla  | 1L", "price": "$10.00", "unit_price": "$1.00 per 100mL"},
{"product_name": "Weis Fruit Ice Fruito Bars 4 pack | 280mL", "price": "$6.50", "unit_price": "$2.32 per 100mL"},
{"product_name": "Weis Half & Half Raspberry & Dark Chocolate  | 1L", "price": "$10.00", "unit_price": "$1.00 per 100mL"},
{"product_name": "Magnum Bites Ice Cream Classic | 183mL", "price": "$5.50", "unit_price": "$3.01 per 100mL"},
{"product_name": "Magnum Ice Cream Mini Almond 6Pack | 360mL", "price": "$10.50", "unit_price": "$2.92 per 100mL"},
{"product_name": "Ben & Jerrys Topped Tiramisu | 436mL", "price": "$10.00", "unit_price": "$2.29 per 100mL"},
{"product_name": "Ben & Jerrys Ice Cream Hazelnut In Chocolate Sundae | 427mL", "price": "$10.00", "unit_price": "$2.34 per 100mL"},
{"product_name": "Magnum Ice Cream Classic 4Pack | 428mL", "price": "$10.50", "unit_price": "$2.45 per 100mL"},
{"product_name": "McCain Frozen Hash Browns | 750g", "price": "$4.50", "unit_price": "$6.00 per 1kg"},
{"product_name": "Sakata Plain Rice Crackers Gluten Free | 100g", "price": "$2.75", "unit_price": "$2.75 per 100g"},
{"product_name": "Snickers Chocolate Bar Peanuts Caramel Nougat | 44g", "price": "$1.10", "unit_price": "$2.50 per 100g"},
{"product_name": "Coles Basmati Rice | 1kg", "price": "$4.00", "unit_price": "$0.40 per 100g"},
{"product_name": "Coles White Sugar | 2kg", "price": "$2.85", "unit_price": "$0.14 per 100g"},
{"product_name": "Sanitarium Up&Go Choc Ice Cereal 6X250mL | 1.5L", "price": "$9.85", "unit_price": "$6.57 per 1L"},
{"product_name": "Mcvities Digestives Biscuits Dark Chocolate | 266g", "price": "$4.40", "unit_price": "$1.65 per 100g"},
{"product_name": "Peckish Original Rice Crackers | 90g", "price": "$1.50", "unit_price": "$1.67 per 100g"},
{"product_name": "Arnott's Shapes Crimpy Chicken | 175g", "price": "$2.00", "unit_price": "$1.14 per 100g"},
{"product_name": "Coles White Plain Flour | 1Kg", "price": "$1.40", "unit_price": "$1.40 per 1kg"},
{"product_name": "Maharajah's Choice Calico Basmati Rice | 5kg", "price": "$23.00", "unit_price": "$0.46 per 100g"},
{"product_name": "Coles White Plain Flour | 2kg", "price": "$2.75", "unit_price": "$1.38 per 1kg"},
{"product_name": "Cobs Sweet & Salty Gluten Free Popcorn | 120g", "price": "$3.50", "unit_price": "$2.92 per 100g"},
{"product_name": "Arnott's Shapes Original Pizza | 190g", "price": "$2.00", "unit_price": "$1.05 per 100g"},
{"product_name": "Smith's Crinkle BBQ Potato Chips | 170g", "price": "$4.80", "unit_price": "$2.82 per 100g"},
{"product_name": "Coles Chick Peas | 420g", "price": "$1.10", "unit_price": "$2.62 per 1kg"},
{"product_name": "Cadbury Cherry Ripe Chocolate Bar | 52g", "price": "$2.00", "unit_price": "$3.85 per 100g"},
{"product_name": "Cadbury Dairy Milk Large Chocolate Block | 360g", "price": "$6.00", "unit_price": "$1.67 per 100g"},
{"product_name": "Monetta Wafers Vanilla Or Chocolate Hazelnut | 350g", "price": "$5.50", "unit_price": "$1.57 per 100g"},
{"product_name": "Mcvities Digestives Tops Biscuits Milk Chocolate | 100g", "price": "$2.00", "unit_price": "$2.00 per 100g"},
{"product_name": "Red Rock Deli Sea Salt & Bal Vinegar Potato Chips | 165g", "price": "$4.40", "unit_price": "$2.67 per 100g"},
{"product_name": "Arnott's Salada Original Crispbread | 250g", "price": "$4.00", "unit_price": "$1.60 per 100g"},
{"product_name": "Mcvities Digestives Biscuits Plain | 355g", "price": "$4.40", "unit_price": "$1.24 per 100g"},
{"product_name": "Cadbury Dairy Milk Chocolate Block | 180g", "price": "$3.85", "unit_price": "$2.14 per 100g"},
{"product_name": "Arnott's Tim Tam Original Chocolate Biscuits | 200g", "price": "$3.50", "unit_price": "$1.75 per 100g"},
{"product_name": "Thins Original Potato Chips | 175g", "price": "$2.35", "unit_price": "$1.34 per 100g"},
{"product_name": "Thins Light & Tangy Potato Chips | 175g", "price": "$2.35", "unit_price": "$1.34 per 100g"},
{"product_name": "Mcvities Digestives Biscuits Milk Chocolate | 266g", "price": "$4.40", "unit_price": "$1.65 per 100g"},
{"product_name": "Pringles BBQ Stacked Potato Chips | 134g", "price": "$4.00", "unit_price": "$2.99 per 100g"},
{"product_name": "Ritz Original Crackers | 227g", "price": "$3.50", "unit_price": "$1.54 per 100g"},
{"product_name": "Coles Ultimate Cookies 40% Chocolate Chip | 400g", "price": "$4.00", "unit_price": "$1.00 per 100g"},
{"product_name": "Red Rock Deli Potato Chips Sea Salt | 165g", "price": "$4.40", "unit_price": "$2.67 per 100g"},
{"product_name": "Arnott's Shapes Original BBQ | 175g", "price": "$2.00", "unit_price": "$1.14 per 100g"},
{"product_name": "Smith's Crinkle Cut Chicken Potato Chips | 170g", "price": "$4.80", "unit_price": "$2.82 per 100g"},
{"product_name": "Sanitarium Weet-Bix Breakfast Cereal | 1.2kg", "price": "$6.00", "unit_price": "$0.50 per 100g"},
{"product_name": "Nestle KitKat Milk Chocolate Bar | 45g", "price": "$1.10", "unit_price": "$2.44 per 100g"},
{"product_name": "Smith's Crinkle Cut Cheese & Onion Potato Chips | 170g", "price": "$4.80", "unit_price": "$2.82 per 100g"},
{"product_name": "Coles Italian Diced Tomatoes | 400g", "price": "$1.10", "unit_price": "$2.75 per 1kg"},
{"product_name": "Indomie Fried Mi Goreng Instant Noodles 5 Pack  | 85g", "price": "$3.95", "unit_price": "$0.93 per 100g"},
{"product_name": "Arnott's Savoy Crackers Original | 225g", "price": "$4.00", "unit_price": "$1.78 per 100g"},
{"product_name": "Red Rock Deli Potato Chips Sweet Chilli And Sour Cream | 165g", "price": "$4.40", "unit_price": "$2.67 per 100g"},
{"product_name": "Pringles Original Salted Stacked Potato Chips | 134g", "price": "$4.00", "unit_price": "$2.99 per 100g"},
{"product_name": "Pringles Sour Cream & Onion Potato Chips | 134g", "price": "$4.00", "unit_price": "$2.99 per 100g"},
{"product_name": "MasterFoods Tomato Sauce | 500mL", "price": "$3.80", "unit_price": "$0.76 per 100mL"},
{"product_name": "The Natural Confectionery Co. Party Mix Lollies | 220g", "price": "$2.80", "unit_price": "$1.27 per 100g"},
{"product_name": "Doritos Corn Chips Supreme Cheese Share Pack | 170g", "price": "$2.40", "unit_price": "$1.41 per 100g"},
{"product_name": "Red Rock Deli Honey Soy Chicken Potato Chips | 165g", "price": "$4.40", "unit_price": "$2.67 per 100g"},
{"product_name": "Dolmio Extra Tomato, Onion & Roast Garlic Pasta Sauce | 500g", "price": "$4.30", "unit_price": "$0.86 per 100g"},
{"product_name": "Smith's Crinkle Cut Salt And Vinegar Potato Chips | 170g", "price": "$4.80", "unit_price": "$2.82 per 100g"},
{"product_name": "Smiths Fun Mix Variety Multi Pot Chips | 375g", "price": "$8.90", "unit_price": "$2.37 per 100g"},
{"product_name": "Maggi 2 Minute Instant Noodles Chicken Flavour 5 Pack | 360g", "price": "$4.00", "unit_price": "$1.11 per 100g"},
{"product_name": "Smith's Crinkle Cut Original Potato Chips | 170g", "price": "$4.80", "unit_price": "$2.82 per 100g"},
{"product_name": "Sour Patch Kids Lollies | 190g", "price": "$2.80", "unit_price": "$1.47 per 100g"},
{"product_name": "Cheezels Original Cheese Snacks | 125g", "price": "$3.25", "unit_price": "$2.60 per 100g"},
{"product_name": "Coles RSPCA Approved BBQ Roasted Chicken Breast | approx 100g", "price": "$2.20", "unit_price": "$22.00 per 1kg"},
{"product_name": "Coles Deli RSPCA Approved Chicken Breast Chunks | approx 250g", "price": "$2.88", "unit_price": "$11.50 per 1kg"},
{"product_name": "Coles Silverside | approx 100g", "price": "$2.20", "unit_price": "$22.00 per 1kg"},
{"product_name": "Primo Chicken Breast Thinly Sliced | 80g", "price": "$3.70", "unit_price": "$46.25 per 1kg"},
{"product_name": "Coles Green Olives Chilli & Garlic | 110g", "price": "$3.50", "unit_price": "$31.82 per 1kg"},
{"product_name": "Don Skinless Thin Frankfurt's | approx 100g", "price": "$1.10", "unit_price": "$11.00 per 1kg"},
{"product_name": "Barkly Grandmother Full Leg Ham | approx 100g", "price": "$3.90", "unit_price": "$39.00 per 1kg"},
{"product_name": "Coles Australian Champagne Ham From The Deli | approx 125g", "price": "$2.12", "unit_price": "$17.00 per 1kg"},
{"product_name": "Primo Gluten Free Thinly Sliced Double Smoked Leg Ham | 100g", "price": "$3.70", "unit_price": "$37.00 per 1kg"},
{"product_name": "Thomson's Deli Cooking Bacon | 1kg", "price": "$9.50", "unit_price": "$9.50 per 1kg"},
{"product_name": "Thomson's Deli Honey Ham Sliced Quad Pack | 400g", "price": "$6.50", "unit_price": "$16.25 per 1kg"},
{"product_name": "Coles Deli Roast Beef | approx 100g", "price": "$3.72", "unit_price": "$37.20 per 1kg"},
{"product_name": "Don Deli Strasburg | approx 100g", "price": "$1.97", "unit_price": "$19.70 per 1kg"},
{"product_name": "Coles Deli Express Mediterranean Olives | 130g", "price": "$3.50", "unit_price": "$26.92 per 1kg"},
{"product_name": "Coles Deli Fresh West Australian Barramundi Portions Skin On | approx 200g", "price": "$7.20", "unit_price": "$36.00 per 1kg"},
{"product_name": "Coles Deli Thawed Barramundi Fillets | approx 350g", "price": "$6.65", "unit_price": "$19.00 per 1kg"},
{"product_name": "Thomson'S Deli English Style Ham Quad Pack | 400g", "price": "$6.50", "unit_price": "$16.25 per 1kg"},
{"product_name": "Coles Deli Thawed Raw Black Tiger Prawns | approx 250g", "price": "$7.25", "unit_price": "$29.00 per 1kg"},
{"product_name": "Coles Bacon Shortcut Rindless | 200g", "price": "$6.40", "unit_price": "$32.00 per 1kg"},
{"product_name": "Coles Deli Express Split Green Olives | 110g", "price": "$3.50", "unit_price": "$31.82 per 1kg"},
{"product_name": "Primo Gluten Free Thinly Sliced Champagne Leg Ham | 100g", "price": "$3.70", "unit_price": "$37.00 per 1kg"},
{"product_name": "Coles Giant Pitted Kalamata Olives | 110g", "price": "$3.50", "unit_price": "$31.82 per 1kg"},
{"product_name": "Coles Bacon Streaky | 200g", "price": "$6.40", "unit_price": "$32.00 per 1kg"},
{"product_name": "Bertocchi Natural Hickory Smoked Leg Ham | approx 100g", "price": "$2.95", "unit_price": "$29.50 per 1kg"},
{"product_name": "Primo Deli Express Chicken Frankfurt | 750g", "price": "$7.40", "unit_price": "$9.87 per 1kg"},
{"product_name": "Lilydale Chicken Sage & Onion Roast | 1 each", "price": "$13.00", "unit_price": "$13.00 per 1ea"},
{"product_name": "Natural  Wafer Crackers | 100g", "price": "$3.50", "unit_price": "$3.50 per 100g"},
{"product_name": "Coles English Sliced Ham | 100g", "price": "$2.30", "unit_price": "$23.00 per 1kg"},
{"product_name": "Primo English Sliced Ham | 100g", "price": "$3.70", "unit_price": "$37.00 per 1kg"},
{"product_name": "Don Champagne Ham | approx 125g", "price": "$2.75", "unit_price": "$22.00 per 1kg"},
{"product_name": "Primo Middle Bacon Rind On | approx 100g", "price": "$1.50", "unit_price": "$15.00 per 1kg"},
{"product_name": "Primo Short Cut Bacon | approx 250g", "price": "$4.00", "unit_price": "$16.00 per 1kg"},
{"product_name": "Coles Semi Dried Tomatoe Fresh Basil | 135g", "price": "$3.50", "unit_price": "$25.93 per 1kg"},
{"product_name": "Steggles Roasted Turkey Breast From The Deli | approx 100g", "price": "$3.00", "unit_price": "$30.00 per 1kg"},
{"product_name": "Bertocchi Triple Smoked Leg Ham | approx 100g", "price": "$3.40", "unit_price": "$34.00 per 1kg"},
{"product_name": "Don White Hungarian Salami | approx 100g", "price": "$2.95", "unit_price": "$29.50 per 1kg"},
{"product_name": "Don Deli Melosi Leg Ham | approx 100g", "price": "$2.60", "unit_price": "$26.00 per 1kg"},
{"product_name": "Don Kabana From The Deli | 1 each", "price": "$4.35", "unit_price": "$4.35 per 1ea"},
{"product_name": "Don Virginian Leg Ham Sliced | approx 100g", "price": "$2.79", "unit_price": "$27.95 per 1kg"},
{"product_name": "Primo The Charcuterie Collection Salami Classic Hot With Australian Bush Spices | 80g", "price": "$6.00", "unit_price": "$75.00 per 1kg"},
{"product_name": "Primo The Charcuterie Collection Salami Classic Mild With Australian Sea Salt | 80g", "price": "$6.00", "unit_price": "$75.00 per 1kg"},
{"product_name": "Primo The Charcuterie Collection Beechwood Smoked Prosciutto | 80g", "price": "$6.00", "unit_price": "$75.00 per 1kg"},
{"product_name": "Coles RSPCA Approved Whole Chicken Roast | 1 each", "price": "$12.00", "unit_price": "$12.00 per 1ea"},
{"product_name": "Coles Bakery Sesame French Stick | 1 each", "price": "$1.90", "unit_price": "$1.90 per 1ea"},
{"product_name": "Coles Bakery High Fibre Low Gi 7 Seeds & Grains Sandwich Bread Loaf | 800g", "price": "$3.70", "unit_price": "$0.46 per 100g"},
{"product_name": "Coles Bakery High Fibre Low Gi 7 Seeds & Grains Toast Bread Loaf | 800g", "price": "$3.70", "unit_price": "$0.46 per 100g"},
{"product_name": "Helga's Mixed Grain Bread | 850g", "price": "$4.90", "unit_price": "$0.58 per 100g"},
{"product_name": "Coles Bakery Stone Baked White Sourdough Vienna | 1 each", "price": "$5.00", "unit_price": "$5.00 per 1ea"},
{"product_name": "Abbott's Bakery Farmhouse Wholemeal Bread | 750g", "price": "$4.90", "unit_price": "$0.65 per 100g"},
{"product_name": "Coles Cinnamon Donuts | 12 pack", "price": "$3.50", "unit_price": "$0.29 per 1ea"},
{"product_name": "Coles Bakery Anzac Biscuits | 12 pack", "price": "$3.00", "unit_price": "$0.25 per 1ea"},
{"product_name": "Wholemeal Sandwich Loaf | 680g", "price": "$2.70", "unit_price": "$0.40 per 100g"},
{"product_name": "Helga's Light Rye Bread | 680g", "price": "$4.90", "unit_price": "$0.72 per 100g"},
{"product_name": "Coles Bakery Hawaiian Tear & Share | 1 each", "price": "$4.50", "unit_price": "$4.50 per 1ea"},
{"product_name": "Coles Bakery Super Soft Hamburger Rolls | 6 pack", "price": "$2.65", "unit_price": "$0.44 per 1ea"},
{"product_name": "Coles Iced Donuts  | 6 pack", "price": "$3.25", "unit_price": "$0.54 per 1ea"},
{"product_name": "Coles Bakery Vietnamese Rolls | 6 pack", "price": "$2.65", "unit_price": "$0.44 per 1ea"},
{"product_name": "Coles English Muffins 6 Pack | 400g", "price": "$2.90", "unit_price": "$0.48 per 1ea"},
{"product_name": "Abbott's Bakery Rustic White Bread | 700g", "price": "$4.90", "unit_price": "$0.70 per 100g"},
{"product_name": "Coles Bakery BBQ Cheese And Bacon Pizza Roll | 2 pack", "price": "$3.40", "unit_price": "$1.70 per 1ea"},
{"product_name": "Coles Bakery Hawaiian Pizza Roll | 2 pack", "price": "$3.40", "unit_price": "$1.70 per 1ea"},
{"product_name": "Coles Bakery French Stick | 1 each", "price": "$1.90", "unit_price": "$1.90 per 1ea"},
{"product_name": "Coles Bakery Chocolate Chip Cookies | 12 pack", "price": "$3.00", "unit_price": "$0.25 per 1ea"},
{"product_name": "Wholemeal Toast Loaf | 680g", "price": "$2.70", "unit_price": "$0.40 per 100g"},
{"product_name": "Abbott's Bakery Country Grains Bread | 800g", "price": "$4.90", "unit_price": "$0.61 per 100g"},
{"product_name": "Wonder White Bread + Vitamins Toast | 700g", "price": "$4.40", "unit_price": "$0.63 per 100g"},
{"product_name": "Coles Bakery Vegemite Scroll | 1 each", "price": "$2.50", "unit_price": "$2.50 per 1ea"},
{"product_name": "Coles Bakery Super Soft White Sandwich Loaf | 680g", "price": "$2.70", "unit_price": "$0.40 per 100g"},
{"product_name": "Coles Bakery Croissants 4 Pack | 168g", "price": "$2.50", "unit_price": "$1.49 per 100g"},
{"product_name": "Coles Bakery Stone Baked By Laurent Pane Di Casa | 1 each", "price": "$5.00", "unit_price": "$5.00 per 1ea"},
{"product_name": "Tip Top Original English Muffins | 6 pack", "price": "$6.00", "unit_price": "$1.00 per 1ea"},
{"product_name": "Golden Round Crumpets | 6 pack", "price": "$2.20", "unit_price": "$0.37 per 1ea"},
{"product_name": "Coles Bakery Cinnamon Donuts | 6 pack", "price": "$2.80", "unit_price": "$0.47 per 1ea"},
{"product_name": "Coles Bakery Super Soft White Toast Loaf | 680g", "price": "$2.70", "unit_price": "$0.40 per 100g"},
{"product_name": "Helga's Traditional Wholemeal Bread | 750g", "price": "$4.90", "unit_price": "$0.65 per 100g"},
{"product_name": "Coles Soft Wholemeal Sandwich Loaf | 650g", "price": "$2.70", "unit_price": "$0.42 per 100g"},
{"product_name": "Coles Turkish Rolls 4 pack | 400g", "price": "$2.80", "unit_price": "$0.70 per 100g"},
{"product_name": "Coles Soft White Toast Loaf | 650g", "price": "$2.70", "unit_price": "$0.42 per 100g"},
{"product_name": "Coles Bakery Pancakes | 5 pack", "price": "$3.50", "unit_price": "$0.70 per 1ea"},
{"product_name": "Coles Bakery Super Soft Round Rolls | 6 pack", "price": "$2.65", "unit_price": "$0.44 per 1ea"},
{"product_name": "Tip Top Raisin Toast Bread | 520g", "price": "$5.20", "unit_price": "$1.00 per 100g"},
{"product_name": "Tip Top The One White Sandwich Bread | 700g", "price": "$4.40", "unit_price": "$0.63 per 100g"},
{"product_name": "Coles High Fibre Wholemeal Bread | 700g", "price": "$3.50", "unit_price": "$0.50 per 100g"},
{"product_name": "Coles White Bread | 650g", "price": "$2.40", "unit_price": "$0.37 per 100g"},
{"product_name": "Coles Bakery Croissants 3 Pack | 189g", "price": "$2.50", "unit_price": "$1.32 per 100g"},
{"product_name": "Wonder White Bread + Vitamins & Mineral | 700g", "price": "$4.40", "unit_price": "$0.63 per 100g"},
{"product_name": "Wonder White Bread Wholemeal Plus Iron | 700g", "price": "$4.40", "unit_price": "$0.63 per 100g"},
{"product_name": "Coles Bakery Flatbread Wholemeal | 6 pack", "price": "$4.00", "unit_price": "$0.67 per 1ea"},
{"product_name": "Tip Top Gourmet Wholemeal Pizza Bases 2 pack | 440g", "price": "$3.20", "unit_price": "$0.73 per 100g"},
{"product_name": "Abe's Bagels Natural 4 Pack | 360g", "price": "$5.50", "unit_price": "$1.53 per 100g"},
{"product_name": "Tip Top Potato Bun | 4 pack", "price": "$4.50", "unit_price": "$1.13 per 1ea"},
{"product_name": "Tip Top Gourmet Bun | 4 pack", "price": "$4.50", "unit_price": "$1.13 per 1ea"},
{"product_name": "Tip Top White Hamburger Rolls | 6 pack", "price": "$4.00", "unit_price": "$0.67 per 1ea"},
{"product_name": "Tip Top The One Wholemeal Sandwich Bread | 700g", "price": "$4.40", "unit_price": "$0.63 per 100g"},
{"product_name": "Abe's Bagels Everything 4 Pack | 360g", "price": "$5.50", "unit_price": "$1.53 per 100g"},
{"product_name": "Tip Top White Gourmet Pizza Base 2 pack | 440g", "price": "$3.20", "unit_price": "$0.73 per 100g"},
{"product_name": "Tip Top The One White Toast Bread | 700g", "price": "$4.40", "unit_price": "$0.63 per 100g"},
{"product_name": "Tip Top 9 Grain Classic Sandwich | 700g", "price": "$4.40", "unit_price": "$0.63 per 100g"},
{"product_name": "Coles Bakery Flatbread White | 6 pack", "price": "$4.00", "unit_price": "$0.67 per 1ea"},
{"product_name": "Coles Australian Skim Long Life Milk | 1L", "price": "$1.70", "unit_price": "$1.70 per 1L"},
{"product_name": "Coles Dairy Tzatziki Dip | 200g", "price": "$2.40", "unit_price": "$1.20 per 100g"},
{"product_name": "Yoplait Petit Miam Squeezie Strawberry Yoghurt Pouch | 70g", "price": "$0.95", "unit_price": "$1.36 per 100g"},
{"product_name": "Coles Full Cream Milk Powder | 1kg", "price": "$10.00", "unit_price": "$1.00 per 100g"},
{"product_name": "Bulla Thickened Cream | 300mL", "price": "$3.50", "unit_price": "$1.17 per 100mL"},
{"product_name": "Jalna Greek Style Natural Yoghurt | 1kg", "price": "$8.30", "unit_price": "$0.83 per 100g"},
{"product_name": "Sanitarium So Good Long Life Regular Soy Milk | 1L", "price": "$2.20", "unit_price": "$2.20 per 1L"},
{"product_name": "Pura Light Start Milk | 2L", "price": "$4.70", "unit_price": "$2.35 per 1L"},
{"product_name": "Western Star Original Spreadable Butter Blend | 375g", "price": "$6.00", "unit_price": "$1.60 per 100g"},
{"product_name": "Coles Australian Lite Long Life Milk | 1L", "price": "$1.70", "unit_price": "$1.70 per 1L"},
{"product_name": "Coles Skim Milk Bottle | 1L", "price": "$1.70", "unit_price": "$1.70 per 1L"},
{"product_name": "Coles Mozzarella Shredded Cheese | 700g", "price": "$10.00", "unit_price": "$14.29 per 1kg"},
{"product_name": "Coles Tasty Cheese Slices 24 Pack | 500g", "price": "$9.30", "unit_price": "$18.60 per 1kg"},
{"product_name": "Pura Milk Full Cream | 3L", "price": "$6.20", "unit_price": "$2.07 per 1L"},
{"product_name": "Devondale Full Cream Long Life Milk | 1L", "price": "$2.20", "unit_price": "$2.20 per 1L"},
{"product_name": "A2 Full Cream Milk | 1L", "price": "$3.90", "unit_price": "$3.90 per 1L"},
{"product_name": "Coles Sour Cream | 300g", "price": "$3.25", "unit_price": "$1.08 per 100g"},
{"product_name": "Coles Dairy Cheese Slices Processed | 500g", "price": "$4.75", "unit_price": "$9.50 per 1kg"},
{"product_name": "Pauls Farmhouse Gold Full Cream Milk | 1.5L", "price": "$4.40", "unit_price": "$2.93 per 1L"},
{"product_name": "Coles Jumbo Free Range Eggs 12 Pack | 800g", "price": "$6.20", "unit_price": "$0.78 per 100g"},
{"product_name": "Coles Cage Free Eggs 18 Pack | 900g", "price": "$7.30", "unit_price": "$0.91 per 100g"},
{"product_name": "Sunny Queen Free Range Extra Large Eggs 12 pack | 700g", "price": "$7.20", "unit_price": "$1.03 per 100g"},
{"product_name": "Great Ocean Road Fresh Full Cream Milk | 2L", "price": "$4.70", "unit_price": "$2.35 per 1L"},
{"product_name": "Coles Free Range Eggs 6 Pack | 300g", "price": "$3.80", "unit_price": "$1.27 per 100g"},
{"product_name": "Devondale Full Cream Milk | 3L", "price": "$5.95", "unit_price": "$1.98 per 1L"},
{"product_name": "A2 Light Milk | 2L", "price": "$6.90", "unit_price": "$3.45 per 1L"},
{"product_name": "A2 Full Cream Milk | 3L", "price": "$9.90", "unit_price": "$3.30 per 1L"},
{"product_name": "Sunny Queen Free Range Large Eggs 18 pack | 900g", "price": "$9.90", "unit_price": "$1.10 per 100g"},
{"product_name": "Coles Greek Style Natural Yoghurt | 1kg", "price": "$4.40", "unit_price": "$0.44 per 100g"},
{"product_name": "Pura Full Cream Milk | 2L", "price": "$4.30", "unit_price": "$2.15 per 1L"},
{"product_name": "Yakult Gluten Free Fermented Milk Drink 10 pack | 65mL", "price": "$7.70", "unit_price": "$11.85 per 1L"},
{"product_name": "Coles Garlic Bread Twin Pack | 450g", "price": "$2.30", "unit_price": "$0.51 per 100g"},
{"product_name": "Coles Lite Milk Bottle | 1L", "price": "$1.70", "unit_price": "$1.70 per 1L"},
{"product_name": "Coles Cheese Shredded Tasty | 700g", "price": "$10.00", "unit_price": "$14.29 per 1kg"},
{"product_name": "Western Star Traditional Spreadable Butter Blend | 500g", "price": "$7.00", "unit_price": "$1.40 per 100g"},
{"product_name": "Coles Free Range Eggs 12 Pack | 600g", "price": "$5.20", "unit_price": "$0.87 per 100g"},
{"product_name": "Coles Thickened Cream | 300mL", "price": "$2.80", "unit_price": "$0.93 per 100mL"},
{"product_name": "Coles Thickened Cream | 600mL", "price": "$4.50", "unit_price": "$0.75 per 100mL"},
{"product_name": "A2 Dairy Full Cream Milk | 2L", "price": "$6.90", "unit_price": "$3.45 per 1L"},
{"product_name": "Coles Australian Full Cream Long Life Milk | 1L", "price": "$1.70", "unit_price": "$1.70 per 1L"},
{"product_name": "Coles Dairy Full Cream Milk | 1L", "price": "$1.70", "unit_price": "$1.70 per 1L"},
{"product_name": "Coles Lite Reduced Fat Milk | 3L", "price": "$4.80", "unit_price": "$1.60 per 1L"},
{"product_name": "Coles Cage Free Eggs 12 Pack | 700g", "price": "$5.00", "unit_price": "$0.71 per 100g"},
{"product_name": "Coles Lite Reduced Fat Milk | 2L", "price": "$3.30", "unit_price": "$1.65 per 1L"},
{"product_name": "Coles Free Range Eggs 12 Pack | 700g", "price": "$5.60", "unit_price": "$0.80 per 100g"},
{"product_name": "Coles Full Cream Milk | 2L", "price": "$3.30", "unit_price": "$1.65 per 1L"},
{"product_name": "Cheer Plant Based Sliced Cheese | 200g", "price": "$5.00", "unit_price": "$25.00 per 1kg"},
{"product_name": "Siggi's Yoghurt Raspberry | 125g", "price": "$2.00", "unit_price": "$1.60 per 100g"},
{"product_name": "Vegie Delights Plant Based Vegie Sausages | 300g", "price": "$7.50", "unit_price": "$2.50 per 100g"},
{"product_name": "Yoplait Strawberry Yoghurt | 1kg", "price": "$4.90", "unit_price": "$0.49 per 100g"},
{"product_name": "Latina Fresh Beef Ravioli | 625g", "price": "$11.00", "unit_price": "$1.76 per 100g"},
{"product_name": "Veef Plant Based Premium Beef Burger | 240g", "price": "$8.50", "unit_price": "$3.54 per 100g"},
{"product_name": "Cheer Tasty Cheese Slices | 500g", "price": "$11.00", "unit_price": "$22.00 per 1kg"},
{"product_name": "Yoplait Vanilla Yoghurt | 1kg", "price": "$4.90", "unit_price": "$0.49 per 100g"},
{"product_name": "Farmers Union Greek Style Natural Yoghurt | 1kg", "price": "$6.50", "unit_price": "$0.65 per 100g"},
{"product_name": "Cheer Tasty Cheese Slices | 250g", "price": "$8.00", "unit_price": "$32.00 per 1kg"},
{"product_name": "Coles Full Cream Milk | 3L", "price": "$4.80", "unit_price": "$1.60 per 1L"},
{"product_name": "Coles Sweet Corn Prepacked | 4 pack", "price": "$5.90", "unit_price": "$1.48 per 1ea"},
{"product_name": "Coles Green Beans loose | approx 250g", "price": "$1.48", "unit_price": "$5.90 per 1kg"},
{"product_name": "Little Tractor Potatoes | 2kg", "price": "$4.00", "unit_price": "$2.00 per 1kg"},
{"product_name": "Coles Glasshouse Grape Tomatoes | 200g", "price": "$3.50", "unit_price": "$17.50 per 1kg"},
{"product_name": "Coles Brown Onions | 1kg", "price": "$2.50", "unit_price": "$2.50 per 1kg"},
{"product_name": "Coles Green Kiwifruit | 1 each", "price": "$1.00", "unit_price": "$1.00 per 1ea"},
{"product_name": "Coles Medium Lemons | 1 each", "price": "$1.00", "unit_price": "$1.00 per 1ea"},
{"product_name": "Coles Green Capsicum Loose | approx 250g", "price": "$1.48", "unit_price": "$5.90 per 1kg"},
{"product_name": "Coles Carrots Loose | approx 170g", "price": "$0.42", "unit_price": "$2.50 per 1kg"},
{"product_name": "Coles Pink Lady Apples 1kg | 1 each", "price": "$4.50", "unit_price": "$4.50 per 1kg"},
{"product_name": "Coles Red Onion 1 Kg | 1kg", "price": "$3.90", "unit_price": "$3.90 per 1kg"},
{"product_name": "Coles Blueberries | 300g", "price": "$5.00", "unit_price": "$16.67 per 1kg"},
{"product_name": "Coles Creme Gold Washed Potatoes Loose | approx 140g", "price": "$0.63", "unit_price": "$4.50 per 1kg"},
{"product_name": "Coles Sweet Gold Potatoes Loose | approx 450g", "price": "$1.80", "unit_price": "$4.00 per 1kg"},
{"product_name": "Coles Medium Navel Oranges | approx 180g", "price": "$0.63", "unit_price": "$3.50 per 1kg"},
{"product_name": "Coles Royal Gala Apples Loose | approx 160g", "price": "$0.78", "unit_price": "$4.90 per 1kg"},
{"product_name": "Coles Seedless Watermelon Cut | approx 2kg", "price": "$7.80", "unit_price": "$3.90 per 1kg"},
{"product_name": "Coles Baby Cucumbers | 250g", "price": "$3.00", "unit_price": "$12.00 per 1kg"},
{"product_name": "Coles Cherry Tomatoes Prepacked | 250g", "price": "$2.50", "unit_price": "$10.00 per 1kg"},
{"product_name": "Coles Red Onions Loose | approx 200g", "price": "$0.88", "unit_price": "$4.40 per 1kg"},
{"product_name": "Coles Packham Pears | approx 240g", "price": "$0.84", "unit_price": "$3.50 per 1kg"},
{"product_name": "Coles Raspberries | 125g", "price": "$5.50", "unit_price": "$44.00 per 1kg"},
{"product_name": "Coles Spring Onions | 1 bunch", "price": "$2.30", "unit_price": "$2.30 per 1ea"},
{"product_name": "Coles Lebanese Cucumbers | approx 210g", "price": "$1.45", "unit_price": "$6.90 per 1kg"},
{"product_name": "Coles Cauliflower Medium | 1 each", "price": "$2.90", "unit_price": "$2.90 per 1ea"},
{"product_name": "Coles Kids Pack Bananas | 750g", "price": "$4.50", "unit_price": "$6.00 per 1kg"},
{"product_name": "Coles Fresh Loose Cup Mushrooms | approx 200g", "price": "$2.58", "unit_price": "$12.90 per 1kg"},
{"product_name": "Coles Grape Perino Tomatoes Prepacked | 200g", "price": "$3.50", "unit_price": "$17.50 per 1kg"},
{"product_name": "Coles Gold Kiwifruit | 1 each", "price": "$1.50", "unit_price": "$1.50 per 1ea"},
{"product_name": "Coles Green Asparagus | 1 each", "price": "$1.80", "unit_price": "$1.80 per 1ea"},
{"product_name": "Coles Sweet Corn | 1 each", "price": "$1.50", "unit_price": "$1.50 per 1ea"},
{"product_name": "Coles Baby Cos Lettuce | 2 pack", "price": "$2.50", "unit_price": "$1.25 per 1ea"},
{"product_name": "Coles Mini Pack Mandarins | 850g", "price": "$2.90", "unit_price": "$3.41 per 1kg"},
{"product_name": "Coles Afourer Mandarins | approx 130g", "price": "$0.38", "unit_price": "$2.90 per 1kg"},
{"product_name": "Coles Green Zucchini | approx 300g", "price": "$1.17", "unit_price": "$3.90 per 1kg"},
{"product_name": "Fresh Brown Onions Loose | approx 180g", "price": "$0.67", "unit_price": "$3.70 per 1kg"},
{"product_name": "Coles Pink Lady Apples | approx 200g", "price": "$1.18", "unit_price": "$5.90 per 1kg"},
{"product_name": "Coles Greenhouse Truss Tomatoes | approx 140g", "price": "$0.83", "unit_price": "$5.90 per 1kg"},
{"product_name": "Coles Iceberg Lettuce | 1 each", "price": "$2.40", "unit_price": "$2.40 per 1ea"},
{"product_name": "Coles Red Capsicum | approx 250g", "price": "$1.48", "unit_price": "$5.90 per 1kg"},
{"product_name": "Coles Carrots Prepacked 1Kg | 1 each", "price": "$2.40", "unit_price": "$2.40 per 1kg"},
{"product_name": "Coles Broccoli | approx 340g", "price": "$0.99", "unit_price": "$2.90 per 1kg"},
{"product_name": "Coles Continental Cucumbers Loose | 1 each", "price": "$2.00", "unit_price": "$2.00 per 1ea"},
{"product_name": "Coles Field Tomatoes Loose | approx 140g", "price": "$0.83", "unit_price": "$5.90 per 1kg"},
{"product_name": "Coles Blueberries | 170g", "price": "$3.00", "unit_price": "$17.65 per 1kg"},
{"product_name": "Coles Hass Avocados | 1 each", "price": "$1.30", "unit_price": "$1.30 per 1ea"},
{"product_name": "Fresh Bananas | approx 180g", "price": "$0.81", "unit_price": "$4.50 per 1kg"},
{"product_name": "Coles Strawberries | 250g", "price": "$2.00", "unit_price": "$8.00 per 1kg"},
{"product_name": "Coles Beef Stir Fry Strips | 500g", "price": "$12.00", "unit_price": "$24.00 per 1kg"},
{"product_name": "Coles Free Range RSPCA Approved Chicken Drumsticks | approx 1.4kg", "price": "$9.10", "unit_price": "$6.50 per 1kg"},
{"product_name": "Lilydale Free Range Chicken Drumsticks Bulk Pack                | approx 1kg", "price": "$6.00", "unit_price": "$6.00 per 1kg"},
{"product_name": "Coles Lamb Leg Steak 2 Pack | 215g", "price": "$5.50", "unit_price": "$25.58 per 1kg"},
{"product_name": "Coles 5 Star Extra Lean Pork Mince | 500g", "price": "$6.50", "unit_price": "$13.00 per 1kg"},
{"product_name": "Coles Lamb Cutlets | approx 775g", "price": "$27.12", "unit_price": "$35.00 per 1kg"},
{"product_name": "Coles Deli Thawed Cooked Vannamei Prawns | approx 250g", "price": "$4.50", "unit_price": "$18.00 per 1kg"},
{"product_name": "Drovers Beef Mince Big Value Pack | approx 1.9kg", "price": "$19.95", "unit_price": "$10.50 per 1kg"},
{"product_name": "Coles Beef Garlic & Herb Sausages | 550g", "price": "$6.60", "unit_price": "$12.00 per 1kg"},
{"product_name": "Coles Lamb Forequarter Chops | approx 1.3kg", "price": "$20.80", "unit_price": "$16.00 per 1kg"},
{"product_name": "Coles Thin BBQ Sausages | 1.8kg", "price": "$12.00", "unit_price": "$6.67 per 1kg"},
{"product_name": "Coles Deli RSPCA Approved Chicken Drumsticks | approx 160g", "price": "$0.64", "unit_price": "$4.00 per 1kg"},
{"product_name": "Coles Deli Thawed Raw Peeled Prawn Meat | approx 250g", "price": "$7.50", "unit_price": "$30.00 per 1kg"},
{"product_name": "Coles Thawed Seafood Marinara Mix | approx 250g", "price": "$4.50", "unit_price": "$18.00 per 1kg"},
{"product_name": "Ocean Blue Sliced Smoked Salmon | 100g", "price": "$7.50", "unit_price": "$75.00 per 1kg"},
{"product_name": "Coles Chicken Sage And Thyme Sausages | 550g", "price": "$6.60", "unit_price": "$12.00 per 1kg"},
{"product_name": "Coles RSPCA Approved Free Range Chicken Breast Large Pack | approx 1.25kg", "price": "$17.50", "unit_price": "$14.00 per 1kg"},
{"product_name": "Coles No Added Hormone Beef Quick Cook Porterhouse Steak | 180g", "price": "$8.00", "unit_price": "$44.45 per 1kg"},
{"product_name": "Coles RSPCA Approved Medium Whole Chicken | approx 1.65kg", "price": "$9.07", "unit_price": "$5.50 per 1kg"},
{"product_name": "Coles Lamb Leg Roast Half | approx 1.74kg", "price": "$17.40", "unit_price": "$10.00 per 1kg"},
{"product_name": "Coles The Original Beef Sausages | 550g", "price": "$6.60", "unit_price": "$12.00 per 1kg"},
{"product_name": "Coles Pork & Beef 3 Star Mince Bolognese | 500g", "price": "$6.00", "unit_price": "$12.00 per 1kg"},
{"product_name": "Coles RSPCA Approved Chicken Mince | 500g", "price": "$5.50", "unit_price": "$11.00 per 1kg"},
{"product_name": "Coles No Added Hormone Beef 4 Star Lean Mince | 800g", "price": "$12.50", "unit_price": "$15.63 per 1kg"},
{"product_name": "Coles Tasmanian Salmon Portions Skin On | 460g", "price": "$18.50", "unit_price": "$40.22 per 1kg"},
{"product_name": "Coles No Added Hormone Beef Quick Cook Scotch Fillet Steak | 170g", "price": "$8.00", "unit_price": "$47.06 per 1kg"},
{"product_name": "Coles RSPCA Approved Chicken Thigh Fillets Small Pack | approx 700g", "price": "$11.55", "unit_price": "$16.50 per 1kg"},
{"product_name": "Coles Deli Thawed Australian MSC Raw Banana Prawns | approx 250g", "price": "$3.75", "unit_price": "$15.00 per 1kg"},
{"product_name": "Coles Deli Fresh Tasmanian Salmon Portions Skin On | approx 200g", "price": "$8.40", "unit_price": "$42.00 per 1kg"},
{"product_name": "Coles No Added Hormone Beef 3 Star Regular Mince | 1kg", "price": "$11.00", "unit_price": "$11.00 per 1kg"},
{"product_name": "Coles No Added Hormone Beef 4 Star Lean Mince | 500g", "price": "$9.00", "unit_price": "$18.00 per 1kg"},
{"product_name": "Coles Deli RSPCA Approved Chicken Breast Fillets Skin Off | approx 300g", "price": "$3.15", "unit_price": "$10.50 per 1kg"},
{"product_name": "Coles RSPCA Approved Chicken Drumsticks Large Pack | approx 1.6kg", "price": "$7.20", "unit_price": "$4.50 per 1kg"},
{"product_name": "Coles No Added Hormone Beef 5 Star Extra Trim Mince | 500g", "price": "$10.00", "unit_price": "$20.00 per 1kg"},
{"product_name": "Coles No Added Hormone Beef 3 Star Regular Mince | 500g", "price": "$6.50", "unit_price": "$13.00 per 1kg"},
{"product_name": "Coles RSPCA Approved Chicken Thigh Fillets Large Pack | approx 1.2kg", "price": "$16.20", "unit_price": "$13.50 per 1kg"},
{"product_name": "Coles RSPCA Approved Chicken Breast Fillets Small Pack | approx 600g", "price": "$8.40", "unit_price": "$14.00 per 1kg"},
{"product_name": "Primo Gourmet World Flavours South African Boerewors | 450g", "price": "$8.50", "unit_price": "$18.89 per 1kg"},
{"product_name": "Primo Beef With Cracked Black Pepper | 450g", "price": "$8.50", "unit_price": "$18.89 per 1kg"},
{"product_name": "Primo Gourmet World Flavours German Bratwurst Sausage | 450g", "price": "$8.50", "unit_price": "$18.89 per 1kg"},
{"product_name": "Primo Gourmet Caramelised Onion Pork Sausage | 450g", "price": "$8.50", "unit_price": "$18.89 per 1kg"},
{"product_name": "Primo Gourmet Beef & Pork Chorizo Sausage | 450g", "price": "$8.50", "unit_price": "$18.89 per 1kg"},
{"product_name": "Coles Pork Spare Ribs | approx 950g", "price": "$15.20", "unit_price": "$16.00 per 1kg"},
{"product_name": "Coles Pork Sizzle Steaks | 400g", "price": "$8.00", "unit_price": "$20.00 per 1kg"},
{"product_name": "Coles Pork Loin Steaks With Smokey BBQ Rub | 400g", "price": "$9.50", "unit_price": "$23.75 per 1kg"},
{"product_name": "Coles Boneless Pork Leg Roast | approx 2.1kg", "price": "$17.85", "unit_price": "$8.50 per 1kg"},
{"product_name": "Coles Pork 3 Star Mince Regular | 500g", "price": "$5.00", "unit_price": "$10.00 per 1kg"}
]